product_symbol,price,size,timestamp,buyer_role
P-BTC-58800-030324,239.00000000,1,2024-03-01 06:04:01.643727,maker
P-BTC-58800-030324,226.00000000,10,2024-03-01 06:07:27.580949,maker
P-BTC-58800-030324,80.00000000,11,2024-03-01 12:34:45.778832,taker
C-BTC-65400-040324,424.00000000,100,2024-03-04 08:57:50.928682,maker
P-BTC-65400-040324,604.00000000,100,2024-03-04 08:57:50.930011,maker
C-BTC-66600-040324,72.00000000,100,2024-03-04 09:05:42.043318,maker
C-BTC-65400-040324,5.00000000,10,2024-03-04 11:30:04.938169,maker
P-BTC-65400-040324,362.65172414,100,2024-03-04 12:00:00.057236,taker
P-BTC-64000-050324,511.00000000,100,2024-03-04 12:53:43.424995,taker
P-BTC-65800-050324,853.00000000,100,2024-03-04 14:48:38.578734,maker
P-BTC-64000-050324,255.00000000,100,2024-03-04 14:50:28.707301,maker
C-BTC-66400-050324,830.00000000,150,2024-03-04 16:03:14.988070,maker
P-BTC-65800-050324,626.00000000,100,2024-03-04 16:03:39.163821,taker
C-BTC-67200-060324,1330.00000000,14,2024-03-04 20:03:43.762082,taker
C-BTC-67200-060324,1505.00000000,14,2024-03-04 20:32:35.914856,maker
C-BTC-66400-050324,970.00000000,150,2024-03-04 21:27:39.212694,taker
P-BTC-66800-050324,92.00000000,1000,2024-03-05 04:06:17.916499,maker
P-BTC-66800-050324,409.00000000,453,2024-03-05 04:52:16.887027,taker
P-BTC-66800-050324,563.00000000,324,2024-03-05 05:02:32.593378,taker
P-BTC-66800-050324,1631.00000000,223,2024-03-05 05:03:40.895238,taker
P-BTC-66000-050324,354.00000000,250,2024-03-05 05:09:24.431512,maker
P-BTC-66000-050324,69.00000000,250,2024-03-05 06:37:14.075687,maker
C-BTC-66800-050324,366.00000000,200,2024-03-05 08:57:24.204136,maker
P-BTC-66800-050324,340.00000000,200,2024-03-05 08:57:31.026326,maker
P-BTC-66800-050324,156.81724138,200,2024-03-05 12:00:00.117933,taker
C-BTC-66500-080324,2153.00000000,1,2024-03-05 12:11:11.719836,maker
C-BTC-66500-080324,2270.00000000,1,2024-03-05 12:14:14.492829,taker
C-BTC-67200-060324,1465.00000000,200,2024-03-05 13:22:40.874720,maker
P-BTC-67200-060324,705.00000000,200,2024-03-05 13:22:45.403912,maker
P-BTC-61000-080324,211.00000000,1,2024-03-05 14:24:18.902595,maker
P-BTC-61000-080324,233.00000000,1,2024-03-05 14:24:44.342570,taker
P-BTC-67200-060324,3100.00000000,99,2024-03-05 17:07:50.000945,taker
C-BTC-67200-060324,198.00000000,99,2024-03-05 17:07:50.225929,taker
P-BTC-67200-060324,3182.00000000,50,2024-03-05 17:07:51.990915,taker
C-BTC-67200-060324,185.00000000,50,2024-03-05 17:07:52.044803,taker
P-BTC-67200-060324,3274.00000000,32,2024-03-05 17:08:17.809230,taker
C-BTC-67200-060324,181.00000000,32,2024-03-05 17:08:17.857465,taker
P-BTC-67200-060324,3907.00000000,9,2024-03-05 17:10:34.665965,taker
C-BTC-67200-060324,125.00000000,9,2024-03-05 17:10:34.765884,taker
P-BTC-67200-060324,3407.00000000,10,2024-03-05 18:52:37.681103,taker
C-BTC-67200-060324,112.00000000,10,2024-03-05 18:52:42.303070,taker
P-BTC-52500-080324,37.00000000,1,2024-03-06 05:24:57.653705,taker
P-BTC-64400-090324,507.00000000,1,2024-03-07 08:47:14.998921,maker
C-BTC-68000-080324,767.00000000,300,2024-03-07 17:36:49.163768,taker
C-BTC-68500-080324,345.00000000,500,2024-03-07 19:38:02.598072,maker
C-BTC-67000-080324,789.00000000,1,2024-03-07 22:30:59.597192,taker
C-BTC-67000-080324,794.00000000,1,2024-03-07 22:31:48.059256,taker
C-BTC-67000-080324,764.00000000,120,2024-03-07 22:32:23.879649,taker
C-BTC-67000-080324,785.00000000,65,2024-03-07 22:33:06.931814,taker
C-BTC-67000-080324,742.00000000,20,2024-03-07 22:37:34.339115,maker
C-BTC-67000-080324,705.00000000,30,2024-03-07 22:40:08.352495,taker
C-BTC-67000-080324,638.00000000,197,2024-03-07 22:42:21.809587,maker
P-BTC-66500-080324,355.00000000,170,2024-03-07 22:43:25.707336,taker
P-BTC-66500-080324,366.00000000,40,2024-03-07 22:43:33.892503,taker
P-BTC-66500-080324,360.00000000,18,2024-03-07 22:43:53.047812,taker
P-BTC-66500-080324,314.00000000,228,2024-03-07 23:04:42.631449,maker
C-BTC-68000-080324,107.00000000,300,2024-03-08 02:39:29.890414,maker
C-BTC-68500-080324,76.00000000,500,2024-03-08 02:40:41.551565,taker
C-BTC-68500-080324,110.00000000,40,2024-03-08 04:18:55.283402,taker
C-BTC-68500-080324,47.00000000,40,2024-03-08 05:18:11.084230,maker
C-BTC-66000-080324,1015.00000000,3,2024-03-08 05:19:51.902116,maker
C-BTC-43500-080324,23441.00000000,1,2024-03-08 06:53:56.947842,maker
C-BTC-66000-080324,1591.00000000,1,2024-03-08 06:59:12.313040,taker
C-BTC-66000-080324,1709.00000000,1,2024-03-08 07:00:39.027714,taker
C-BTC-66000-080324,1517.00000000,1,2024-03-08 07:05:32.655649,taker
C-BTC-69000-090324,508.00000000,500,2024-03-08 07:43:17.118328,taker
C-BTC-69000-090324,366.00000000,500,2024-03-08 11:10:08.615663,taker
C-BTC-43500-080324,24006.70000000,1,2024-03-08 12:00:00.193229,taker
C-BTC-70000-100324,309.00000000,150,2024-03-08 13:08:02.798613,maker
C-BTC-70000-100324,337.00000000,150,2024-03-08 13:08:58.168165,taker
P-BTC-64000-090324,73.00000000,500,2024-03-08 13:55:29.174633,taker
P-BTC-63400-090324,65.00000000,500,2024-03-08 13:55:48.997178,maker
C-BTC-68400-090324,832.00000000,10,2024-03-08 14:37:15.223000,taker
C-BTC-68400-090324,839.00000000,10,2024-03-08 14:39:30.198852,maker
C-BTC-68400-090324,828.00000000,10,2024-03-08 14:43:07.174398,taker
C-BTC-69800-090324,400.00000000,250,2024-03-08 14:43:54.052182,maker
C-BTC-68400-090324,897.00000000,10,2024-03-08 14:49:23.051785,maker
C-BTC-68400-090324,959.00000000,10,2024-03-08 14:56:09.023020,taker
C-BTC-68400-090324,871.00000000,10,2024-03-08 14:56:43.371728,maker
C-BTC-68400-090324,1011.00000000,1,2024-03-08 14:58:26.017076,taker
C-BTC-68400-090324,1130.00000000,1,2024-03-08 15:11:00.051942,maker
C-BTC-68400-090324,1141.00000000,1,2024-03-08 15:14:30.840234,maker
C-BTC-68400-090324,1141.00000000,1,2024-03-08 15:16:40.035694,maker
C-BTC-69800-090324,710.00000000,250,2024-03-08 15:26:41.425928,taker
P-BTC-64000-090324,496.00000000,500,2024-03-08 16:12:55.583519,taker
P-BTC-63400-090324,209.00000000,381,2024-03-08 16:12:57.790684,maker
P-BTC-63400-090324,210.00000000,119,2024-03-08 16:12:59.200300,maker
P-BTC-68000-090324,117.00000000,10,2024-03-09 04:57:26.031204,maker
C-BTC-70000-090324,0.10000000,90,2024-03-09 07:21:55.051760,maker
P-BTC-68000-090324,254.30000000,10,2024-03-09 10:09:34.439463,maker
C-BTC-69200-100324,104.00000000,80,2024-03-09 12:27:26.514494,maker
C-BTC-69200-100324,390.58965517,80,2024-03-10 12:00:00.066201,taker
C-BTC-70600-110324,520.00000000,50,2024-03-10 13:25:14.449344,maker
C-BTC-70400-110324,590.00000000,20,2024-03-10 13:26:39.747594,maker
C-BTC-72000-120324,668.00000000,25,2024-03-10 16:54:52.890712,taker
P-BTC-69000-110324,596.00000000,25,2024-03-10 16:54:53.470438,taker
C-BTC-69500-220324,4154.00000000,25,2024-03-10 18:02:37.379649,taker
P-BTC-68000-120324,809.00000000,25,2024-03-10 18:02:38.234124,taker
C-BTC-69400-120324,1436.00000000,25,2024-03-10 19:24:15.508723,taker
P-BTC-64400-110324,56.00000000,25,2024-03-10 19:24:16.479868,taker
C-BTC-70000-130324,1600.00000000,25,2024-03-10 19:48:27.902363,taker
P-BTC-62500-150324,403.00000000,25,2024-03-10 19:48:28.863721,taker
C-BTC-69800-130324,1725.00000000,25,2024-03-10 19:58:38.769556,taker
P-BTC-59500-220324,632.00000000,25,2024-03-10 19:58:39.815403,taker
C-BTC-69600-130324,1731.00000000,25,2024-03-10 20:56:53.615746,taker
P-BTC-62000-220324,1032.00000000,25,2024-03-10 20:56:54.723477,taker
P-BTC-69000-110324,780.00000000,25,2024-03-10 22:19:27.595659,taker
C-BTC-69000-130324,1657.00000000,25,2024-03-10 22:20:18.836273,taker
P-BTC-68000-110324,331.00000000,25,2024-03-10 22:20:19.921646,taker
C-BTC-68200-130324,2113.00000000,25,2024-03-10 22:21:14.142397,taker
P-BTC-67600-110324,203.00000000,25,2024-03-10 22:21:15.311395,taker
C-BTC-71200-110324,111.00000000,25,2024-03-10 22:35:50.711879,taker
P-BTC-67800-110324,240.00000000,25,2024-03-10 22:35:51.987138,taker
C-BTC-64000-220324,6806.00000000,25,2024-03-10 22:43:49.175128,taker
P-BTC-66000-130324,696.00000000,25,2024-03-10 22:43:50.459745,taker
P-BTC-67600-110324,253.50000000,25,2024-03-10 22:45:09.192798,taker
C-BTC-68400-130324,1901.00000000,25,2024-03-10 22:46:21.235973,taker
P-BTC-67200-110324,181.00000000,25,2024-03-10 22:46:22.605454,taker
P-BTC-67800-110324,321.10000000,25,2024-03-10 22:55:30.400040,taker
P-BTC-68000-120324,1049.20000000,25,2024-03-10 22:55:33.169023,taker
P-BTC-68000-110324,429.00000000,25,2024-03-10 22:55:47.088391,taker
C-BTC-70000-120324,721.00000000,25,2024-03-10 22:55:49.990746,taker
P-BTC-67600-120324,958.00000000,25,2024-03-10 22:55:51.379338,taker
P-BTC-67200-110324,245.80000000,25,2024-03-10 22:56:20.376331,taker
C-BTC-67600-130324,2052.00000000,25,2024-03-10 22:57:28.426255,taker
P-BTC-68000-110324,558.00000000,25,2024-03-10 22:57:29.437037,taker
C-BTC-68600-130324,1731.00000000,25,2024-03-10 23:00:13.124899,taker
P-BTC-67200-110324,224.00000000,25,2024-03-10 23:00:14.487798,taker
C-BTC-68800-130324,1764.00000000,25,2024-03-10 23:17:31.010942,taker
P-BTC-58000-220324,496.00000000,25,2024-03-10 23:17:32.472355,taker
C-BTC-68400-110324,740.00000000,25,2024-03-10 23:22:17.851782,taker
P-BTC-58500-220324,554.00000000,25,2024-03-10 23:22:19.669696,taker
C-BTC-68000-220324,4534.00000000,25,2024-03-11 00:06:58.420671,taker
P-BTC-68800-110324,553.00000000,25,2024-03-11 00:07:00.106971,taker
C-BTC-68500-220324,4285.00000000,25,2024-03-11 00:07:28.584922,taker
P-BTC-59000-220324,589.00000000,25,2024-03-11 00:07:29.982932,taker
P-BTC-68800-110324,725.40000000,25,2024-03-11 00:25:58.007165,taker
C-BTC-67500-220324,4588.00000000,25,2024-03-11 00:26:27.499711,taker
P-BTC-68200-110324,431.00000000,25,2024-03-11 00:26:29.148243,taker
C-BTC-69000-220324,3911.00000000,25,2024-03-11 00:27:23.652089,taker
P-BTC-68600-110324,564.00000000,25,2024-03-11 00:27:25.305403,taker
P-BTC-68600-110324,730.60000000,25,2024-03-11 00:44:25.758497,taker
P-BTC-68200-110324,579.90000000,25,2024-03-11 00:49:34.708309,taker
C-BTC-70200-110324,90.00000000,25,2024-03-11 00:49:47.674633,taker
P-BTC-67800-110324,468.00000000,25,2024-03-11 00:49:49.829531,taker
P-BTC-67200-110324,292.50000000,25,2024-03-11 00:50:27.764352,taker
C-BTC-67000-220324,4488.00000000,25,2024-03-11 00:50:29.487760,taker
P-BTC-68600-110324,940.00000000,25,2024-03-11 00:50:31.160240,taker
P-BTC-62500-150324,530.40000000,25,2024-03-11 00:50:39.389088,taker
C-BTC-71000-220324,2751.00000000,25,2024-03-11 00:51:05.799428,taker
P-BTC-65200-130324,658.00000000,25,2024-03-11 00:51:07.286632,taker
P-BTC-67800-110324,582.40000000,25,2024-03-11 00:51:15.714910,taker
P-BTC-68000-110324,702.00000000,25,2024-03-11 00:51:16.070185,taker
P-BTC-66000-130324,916.50000000,25,2024-03-11 00:51:18.101177,taker
P-BTC-67600-120324,1183.00000000,25,2024-03-11 00:51:20.289342,taker
P-BTC-68600-110324,1166.20000000,25,2024-03-11 00:51:22.156518,taker
C-BTC-67400-110324,770.00000000,25,2024-03-11 00:51:29.023681,taker
P-BTC-66800-110324,352.00000000,25,2024-03-11 00:51:30.662305,taker
C-BTC-66800-130324,2285.00000000,25,2024-03-11 00:51:49.139686,taker
P-BTC-65600-110324,181.00000000,25,2024-03-11 00:51:51.091172,taker
P-BTC-66800-110324,366.60000000,25,2024-03-11 00:52:18.868131,taker
P-BTC-64400-110324,72.80000000,25,2024-03-11 00:52:24.905324,taker
P-BTC-65600-110324,230.10000000,25,2024-03-11 00:52:25.789943,taker
P-BTC-62000-220324,1344.20000000,25,2024-03-11 00:52:31.278601,taker
P-BTC-65200-130324,833.40000000,25,2024-03-11 00:52:32.326443,taker
P-BTC-59500-220324,821.60000000,25,2024-03-11 00:52:32.951977,taker
C-BTC-66500-220324,4487.00000000,25,2024-03-11 00:53:12.225822,taker
P-BTC-66600-110324,345.00000000,25,2024-03-11 00:53:14.008812,taker
C-BTC-67800-110324,562.00000000,25,2024-03-11 00:53:33.383677,taker
P-BTC-64800-110324,113.00000000,25,2024-03-11 00:53:35.343565,taker
C-BTC-67800-130324,1740.00000000,25,2024-03-11 00:54:02.767583,taker
P-BTC-66000-110324,226.00000000,25,2024-03-11 00:54:04.882604,taker
C-BTC-67800-110324,642.20000000,25,2024-03-11 00:54:32.992287,taker
C-BTC-67800-110324,686.00000000,25,2024-03-11 00:54:54.663503,taker
P-BTC-67000-110324,364.00000000,25,2024-03-11 00:54:56.389640,taker
C-BTC-68000-110324,549.00000000,25,2024-03-11 00:55:43.542654,taker
P-BTC-67200-110324,426.00000000,25,2024-03-11 00:55:45.830220,taker
C-BTC-67200-130324,2138.00000000,25,2024-03-11 00:56:02.775904,taker
P-BTC-68000-110324,712.00000000,25,2024-03-11 00:56:04.988767,taker
C-BTC-68000-130324,1879.00000000,25,2024-03-11 01:00:22.970162,taker
P-BTC-66200-110324,213.00000000,25,2024-03-11 01:00:24.583867,taker
C-BTC-68000-110324,768.40000000,25,2024-03-11 01:07:39.157187,taker
C-BTC-67800-110324,872.40000000,25,2024-03-11 01:07:39.187352,taker
C-BTC-67400-110324,1160.90000000,25,2024-03-11 01:07:39.264375,taker
C-BTC-70200-110324,123.50000000,25,2024-03-11 01:09:43.376781,taker
C-BTC-70500-220324,3144.00000000,25,2024-03-11 01:12:28.855657,taker
P-BTC-67800-110324,467.00000000,25,2024-03-11 01:12:30.726683,taker
C-BTC-72000-220324,2625.00000000,25,2024-03-11 01:13:03.553139,taker
P-BTC-68400-110324,724.00000000,25,2024-03-11 01:13:05.235833,taker
C-BTC-68800-110324,426.00000000,25,2024-03-11 01:15:36.415099,taker
P-BTC-68200-110324,656.00000000,25,2024-03-11 01:15:38.102688,taker
P-BTC-67800-110324,595.40000000,25,2024-03-11 01:33:30.387044,taker
P-BTC-68400-110324,959.40000000,25,2024-03-11 01:33:49.132713,taker
P-BTC-68200-110324,871.00000000,25,2024-03-11 01:37:41.427360,taker
C-BTC-70000-110324,102.00000000,25,2024-03-11 01:40:56.002689,taker
P-BTC-66800-110324,365.00000000,25,2024-03-11 01:40:57.895746,taker
C-BTC-68000-110324,598.00000000,25,2024-03-11 01:43:04.350562,taker
P-BTC-66400-110324,270.00000000,25,2024-03-11 01:43:06.633177,taker
C-BTC-67800-110324,675.00000000,25,2024-03-11 01:46:43.299131,taker
P-BTC-60000-150324,246.00000000,25,2024-03-11 01:46:46.063108,taker
C-BTC-67800-110324,837.20000000,25,2024-03-11 01:49:16.264033,taker
C-BTC-70000-110324,120.90000000,25,2024-03-11 01:49:17.523446,taker
C-BTC-68000-110324,763.10000000,25,2024-03-11 01:58:03.160032,taker
C-BTC-70000-220324,3314.00000000,25,2024-03-11 02:27:26.518015,taker
P-BTC-67800-110324,367.00000000,25,2024-03-11 02:27:29.040460,taker
C-BTC-69000-110324,356.00000000,25,2024-03-11 03:05:47.522996,taker
P-BTC-68400-110324,653.00000000,25,2024-03-11 03:05:50.102982,taker
C-BTC-68800-110324,527.90000000,25,2024-03-11 04:03:56.714262,taker
C-BTC-69000-110324,462.80000000,25,2024-03-11 04:03:59.720925,taker
C-BTC-68800-120324,1231.00000000,25,2024-03-11 04:04:45.559062,taker
P-BTC-68200-110324,404.00000000,25,2024-03-11 04:04:47.821301,taker
C-BTC-66800-130324,2840.50000000,25,2024-03-11 04:06:46.513974,taker
C-BTC-70000-110324,163.00000000,25,2024-03-11 04:48:17.461927,taker
P-BTC-68400-120324,1120.00000000,25,2024-03-11 04:48:19.889238,taker
C-BTC-69000-110324,434.00000000,25,2024-03-11 06:52:11.209169,taker
P-BTC-68600-110324,336.00000000,25,2024-03-11 06:52:13.699496,taker
C-BTC-67800-130324,2265.90000000,25,2024-03-11 06:53:49.074180,taker
C-BTC-67200-130324,2700.10000000,25,2024-03-11 06:55:22.299019,taker
C-BTC-68600-110324,761.00000000,25,2024-03-11 06:56:17.873154,taker
P-BTC-60000-290324,1095.00000000,25,2024-03-11 06:56:20.753483,taker
C-BTC-69000-110324,556.40000000,25,2024-03-11 06:57:18.935500,taker
C-BTC-68400-110324,956.90000000,25,2024-03-11 06:59:47.706061,taker
C-BTC-70000-110324,211.90000000,25,2024-03-11 06:59:52.188452,taker
C-BTC-67600-130324,2659.80000000,25,2024-03-11 07:00:30.391038,taker
C-BTC-68000-130324,2415.40000000,25,2024-03-11 07:01:12.711100,taker
C-BTC-68600-110324,1030.90000000,25,2024-03-11 07:02:28.226125,taker
C-BTC-70000-110324,347.00000000,25,2024-03-11 07:02:39.748305,taker
P-BTC-69800-110324,637.00000000,25,2024-03-11 07:02:41.911128,taker
C-BTC-70000-120324,1001.00000000,25,2024-03-11 07:02:43.247511,taker
C-BTC-68600-130324,2203.50000000,25,2024-03-11 07:02:53.677396,taker
C-BTC-71000-110324,111.00000000,25,2024-03-11 07:04:01.162792,taker
P-BTC-65600-120324,140.00000000,25,2024-03-11 07:04:04.098409,taker
C-BTC-68800-120324,1606.80000000,25,2024-03-11 07:04:20.516455,taker
C-BTC-70000-120324,1100.00000000,25,2024-03-11 07:04:25.163206,taker
P-BTC-66000-120324,158.00000000,25,2024-03-11 07:04:27.837560,taker
C-BTC-69000-130324,2107.30000000,25,2024-03-11 07:04:38.026793,taker
C-BTC-69600-110324,617.00000000,25,2024-03-11 07:05:00.299186,taker
C-BTC-68400-130324,2433.60000000,25,2024-03-11 07:05:00.599152,taker
P-BTC-62000-150324,256.00000000,25,2024-03-11 07:05:02.246302,taker
C-BTC-70000-110324,414.70000000,25,2024-03-11 07:05:08.464449,taker
C-BTC-70200-130324,1589.00000000,25,2024-03-11 07:06:39.478406,taker
P-BTC-66800-120324,233.00000000,25,2024-03-11 07:06:43.624143,taker
C-BTC-66500-220324,5709.60000000,25,2024-03-11 07:07:11.601788,taker
C-BTC-71000-110324,162.50000000,25,2024-03-11 07:07:48.844039,taker
C-BTC-71200-110324,141.80000000,25,2024-03-11 07:07:48.856122,taker
C-BTC-68800-130324,2262.00000000,25,2024-03-11 07:07:48.875410,taker
C-BTC-70000-120324,1254.50000000,25,2024-03-11 07:12:35.296520,taker
C-BTC-68200-130324,2735.30000000,25,2024-03-11 07:12:35.395184,taker
C-BTC-69600-110324,787.90000000,25,2024-03-11 07:12:56.705326,taker
C-BTC-71000-220324,3598.40000000,25,2024-03-11 07:13:35.389970,taker
C-BTC-71000-110324,296.00000000,25,2024-03-11 07:13:36.520281,taker
P-BTC-70000-110324,448.00000000,25,2024-03-11 07:13:38.929371,taker
C-BTC-71000-110324,278.20000000,25,2024-03-11 07:13:53.418714,taker
C-BTC-70000-130324,2042.40000000,25,2024-03-11 07:14:58.671418,taker
C-BTC-67000-220324,5867.00000000,25,2024-03-11 07:14:58.672522,taker
C-BTC-67000-220324,6074.00000000,25,2024-03-11 07:15:06.058347,taker
P-BTC-69200-110324,121.00000000,25,2024-03-11 07:15:08.544516,taker
C-BTC-70400-110324,602.00000000,25,2024-03-11 07:15:36.463308,taker
P-BTC-67200-120324,223.00000000,25,2024-03-11 07:15:38.533286,taker
C-BTC-71200-120324,988.00000000,25,2024-03-11 07:15:57.208791,taker
P-BTC-65200-120324,95.00000000,25,2024-03-11 07:15:59.866024,taker
C-BTC-70600-120324,1072.00000000,25,2024-03-11 07:16:29.616146,taker
P-BTC-70600-130324,1956.00000000,25,2024-03-11 07:16:32.174131,taker
P-BTC-69200-110324,165.10000000,25,2024-03-11 07:16:33.885072,taker
C-BTC-70000-130324,1813.00000000,25,2024-03-11 07:17:00.179697,taker
P-BTC-67600-120324,331.00000000,25,2024-03-11 07:17:02.924770,taker
C-BTC-71600-110324,196.00000000,25,2024-03-11 07:17:30.491520,taker
P-BTC-68800-130324,1009.00000000,25,2024-03-11 07:17:33.307928,taker
C-BTC-72500-220324,3121.00000000,25,2024-03-11 07:18:01.150808,taker
P-BTC-70200-110324,548.00000000,25,2024-03-11 07:18:03.173780,taker
C-BTC-71600-110324,224.90000000,25,2024-03-11 07:18:49.171125,taker
C-BTC-70600-110324,463.00000000,25,2024-03-11 07:19:41.251345,taker
P-BTC-69000-130324,1057.00000000,25,2024-03-11 07:19:43.585222,taker
C-BTC-70000-290324,5313.00000000,25,2024-03-11 07:21:20.728807,taker
P-BTC-69000-110324,116.00000000,25,2024-03-11 07:21:23.588221,taker
C-BTC-71600-120324,911.00000000,25,2024-03-11 07:22:43.649882,taker
P-BTC-69200-110324,123.00000000,25,2024-03-11 07:22:46.882012,taker
C-BTC-72000-220324,3398.30000000,25,2024-03-11 07:23:11.242393,taker
C-BTC-70000-220324,4291.30000000,25,2024-03-11 07:23:11.858251,taker
C-BTC-69400-120324,1865.50000000,25,2024-03-11 07:23:12.494913,taker
C-BTC-69600-130324,2243.80000000,25,2024-03-11 07:23:16.680431,taker
C-BTC-70500-220324,4074.30000000,25,2024-03-11 07:23:35.100856,taker
C-BTC-70200-130324,1999.40000000,25,2024-03-11 07:23:41.435849,taker
C-BTC-70400-110324,702.00000000,25,2024-03-11 07:24:18.921931,taker
C-BTC-70600-110324,592.90000000,25,2024-03-11 07:24:19.004216,taker
C-BTC-69800-130324,2242.50000000,25,2024-03-11 07:24:30.694512,taker
C-BTC-70800-120324,1253.00000000,25,2024-03-11 07:25:35.039450,taker
P-BTC-66400-120324,164.00000000,25,2024-03-11 07:25:37.327267,taker
C-BTC-70800-130324,1793.00000000,25,2024-03-11 07:25:56.715744,taker
P-BTC-67400-120324,267.00000000,25,2024-03-11 07:25:59.224204,taker
C-BTC-70600-120324,1393.70000000,25,2024-03-11 07:26:15.490862,taker
C-BTC-72000-120324,864.50000000,25,2024-03-11 07:26:16.536240,taker
C-BTC-64000-150324,7410.00000000,25,2024-03-11 07:30:30.995704,taker
P-BTC-70200-130324,1502.00000000,25,2024-03-11 07:30:33.855457,taker
C-BTC-71200-120324,1313.00000000,25,2024-03-11 07:31:37.560588,taker
C-BTC-67500-220324,5930.60000000,25,2024-03-11 07:32:07.263861,taker
C-BTC-71600-120324,1181.70000000,25,2024-03-11 07:32:18.764321,taker
C-BTC-70000-130324,2316.60000000,25,2024-03-11 07:32:22.532111,taker
C-BTC-70800-120324,1536.70000000,25,2024-03-11 07:32:23.702399,taker
C-BTC-69000-220324,5083.00000000,25,2024-03-11 07:32:23.872199,taker
C-BTC-69000-220324,5275.00000000,25,2024-03-11 07:32:32.692112,taker
P-BTC-68600-130324,794.00000000,25,2024-03-11 07:32:35.532992,taker
C-BTC-71600-120324,1109.00000000,25,2024-03-11 07:33:10.146896,taker
P-BTC-70000-130324,1331.00000000,25,2024-03-11 07:33:12.826547,taker
C-BTC-70600-110324,827.00000000,25,2024-03-11 07:33:29.620035,taker
P-BTC-70800-120324,1277.00000000,25,2024-03-11 07:33:32.495152,taker
C-BTC-70800-110324,676.00000000,25,2024-03-11 07:33:52.396997,taker
P-BTC-70600-120324,1179.00000000,25,2024-03-11 07:33:55.202574,taker
C-BTC-71000-110324,615.00000000,25,2024-03-11 07:34:45.572508,taker
P-BTC-67800-120324,284.00000000,25,2024-03-11 07:34:48.532788,taker
C-BTC-61000-290324,12093.00000000,25,2024-03-11 07:37:17.735853,taker
P-BTC-70600-110324,448.00000000,25,2024-03-11 07:37:22.353009,taker
C-BTC-68000-220324,5878.60000000,25,2024-03-11 07:39:55.282920,taker
C-BTC-68500-220324,5591.30000000,25,2024-03-11 07:40:00.004377,taker
C-BTC-74000-120324,513.00000000,25,2024-03-11 07:42:04.288646,taker
P-BTC-70400-120324,996.00000000,25,2024-03-11 07:42:10.085098,taker
C-BTC-70200-120324,1608.00000000,25,2024-03-11 07:42:36.800365,taker
P-BTC-70000-120324,924.00000000,25,2024-03-11 07:42:42.779440,taker
P-BTC-70600-110324,544.70000000,25,2024-03-11 07:42:45.015371,taker
C-BTC-70600-120324,1449.00000000,25,2024-03-11 07:43:24.882863,taker
P-BTC-68000-120324,351.00000000,25,2024-03-11 07:43:29.455360,taker
C-BTC-71600-110324,317.00000000,25,2024-03-11 07:44:43.392619,taker
P-BTC-68200-120324,427.00000000,25,2024-03-11 07:44:51.841659,taker
C-BTC-71600-110324,444.60000000,25,2024-03-11 07:45:55.338183,taker
C-BTC-70600-120324,1716.00000000,25,2024-03-11 07:46:43.699153,taker
C-BTC-71000-120324,1469.00000000,25,2024-03-11 07:48:16.928421,taker
P-BTC-71200-110324,728.00000000,25,2024-03-11 07:48:22.130046,taker
C-BTC-71200-110324,524.00000000,25,2024-03-11 07:56:19.352791,taker
P-BTC-71000-110324,636.00000000,25,2024-03-11 07:56:24.545289,taker
C-BTC-71200-110324,655.20000000,25,2024-03-11 08:00:35.318760,taker
C-BTC-71600-120324,1484.70000000,25,2024-03-11 08:01:30.106624,taker
C-BTC-71000-110324,796.90000000,25,2024-03-11 08:01:32.459342,taker
C-BTC-70800-110324,930.90000000,25,2024-03-11 08:01:35.738648,taker
C-BTC-70800-130324,2277.60000000,25,2024-03-11 08:01:35.788329,taker
C-BTC-64000-220324,8810.10000000,25,2024-03-11 08:01:35.833523,taker
C-BTC-70600-110324,1037.40000000,25,2024-03-11 08:01:35.921839,taker
C-BTC-74000-120324,751.40000000,25,2024-03-11 08:01:42.739890,taker
C-BTC-63200-110324,8248.00000000,25,2024-03-11 08:03:57.299655,taker
P-BTC-70600-110324,339.00000000,25,2024-03-11 08:04:04.934135,taker
C-BTC-71400-110324,577.00000000,25,2024-03-11 08:05:27.832251,taker
P-BTC-70800-110324,405.00000000,25,2024-03-11 08:05:33.729883,taker
C-BTC-71200-110324,698.00000000,25,2024-03-11 08:06:40.369518,taker
P-BTC-71600-120324,1660.00000000,25,2024-03-11 08:06:46.755487,taker
C-BTC-72000-110324,372.00000000,25,2024-03-11 08:09:30.610593,taker
P-BTC-70400-130324,1492.00000000,25,2024-03-11 08:09:35.730388,taker
C-BTC-71200-130324,1983.00000000,25,2024-03-11 08:12:12.303227,taker
P-BTC-71200-120324,1360.00000000,25,2024-03-11 08:12:17.557043,taker
C-BTC-72000-130324,1813.00000000,25,2024-03-11 08:17:18.134508,taker
P-BTC-68600-120324,402.00000000,25,2024-03-11 08:17:27.480440,taker
C-BTC-71000-110324,648.00000000,25,2024-03-11 08:17:55.019784,taker
P-BTC-69200-120324,533.00000000,25,2024-03-11 08:18:01.641058,taker
C-BTC-71600-130324,1856.00000000,25,2024-03-11 08:18:28.609498,taker
P-BTC-69000-120324,486.00000000,25,2024-03-11 08:18:34.006347,taker
C-BTC-72000-110324,486.20000000,25,2024-03-11 08:22:55.584055,taker
C-BTC-71000-110324,855.40000000,25,2024-03-11 08:22:56.252334,taker
C-BTC-70400-110324,1324.00000000,10,2024-03-11 08:23:04.068679,taker
C-BTC-70600-110324,1176.00000000,25,2024-03-11 08:23:04.074057,taker
C-BTC-69500-220324,5402.80000000,25,2024-03-11 08:23:34.063703,taker
C-BTC-70200-120324,2146.30000000,25,2024-03-11 08:24:22.163767,taker
C-BTC-71400-110324,765.70000000,25,2024-03-11 08:24:22.277053,taker
C-BTC-76000-130324,712.00000000,25,2024-03-11 08:24:23.401575,taker
C-BTC-72500-220324,3979.30000000,25,2024-03-11 08:24:24.399442,taker
P-BTC-68000-130324,567.00000000,25,2024-03-11 08:24:34.568959,taker
C-BTC-71600-110324,682.00000000,25,2024-03-11 08:25:39.483125,taker
P-BTC-68800-120324,360.00000000,25,2024-03-11 08:25:46.180424,taker
C-BTC-72000-110324,406.00000000,25,2024-03-11 08:33:52.189382,taker
P-BTC-71400-110324,669.00000000,25,2024-03-11 08:33:58.895894,taker
C-BTC-72000-290324,5213.00000000,25,2024-03-11 08:34:54.236382,taker
P-BTC-71000-120324,1193.00000000,25,2024-03-11 08:35:01.409967,taker
C-BTC-70800-120324,1612.00000000,25,2024-03-11 08:35:41.810467,taker
P-BTC-72000-110324,1095.00000000,25,2024-03-11 08:35:52.374681,taker
C-BTC-72800-110324,174.00000000,25,2024-03-11 08:50:06.721448,taker
P-BTC-70200-120324,912.00000000,25,2024-03-11 08:50:12.787591,taker
C-BTC-70500-220324,4965.00000000,25,2024-03-11 09:32:14.903827,taker
P-BTC-69800-130324,1004.00000000,25,2024-03-11 09:32:22.253591,taker
C-BTC-71800-110324,498.00000000,25,2024-03-11 09:38:40.394947,taker
P-BTC-66000-130324,239.00000000,25,2024-03-11 09:38:48.052831,taker
C-BTC-72400-110324,279.00000000,25,2024-03-11 09:39:19.673275,taker
P-BTC-66800-130324,333.00000000,25,2024-03-11 09:39:27.222382,taker
C-BTC-72600-110324,207.00000000,25,2024-03-11 09:40:02.052920,taker
P-BTC-67200-130324,391.00000000,25,2024-03-11 09:40:09.754239,taker
C-BTC-71000-220324,4638.00000000,25,2024-03-11 09:40:38.503072,taker
P-BTC-67000-130324,359.00000000,25,2024-03-11 09:40:45.237423,taker
C-BTC-74000-130324,1097.00000000,25,2024-03-11 09:41:18.913669,taker
P-BTC-66400-130324,281.00000000,25,2024-03-11 09:41:27.999229,taker
C-BTC-71200-120324,1496.00000000,25,2024-03-11 09:43:40.321431,taker
P-BTC-67400-130324,447.00000000,25,2024-03-11 09:43:51.945808,taker
C-BTC-71500-220324,4391.00000000,25,2024-03-11 09:46:05.388321,taker
P-BTC-67600-130324,481.00000000,25,2024-03-11 09:46:14.723179,taker
C-BTC-72000-220324,4201.00000000,25,2024-03-11 09:50:00.706263,taker
P-BTC-67800-130324,508.00000000,25,2024-03-11 09:50:10.130466,taker
C-BTC-73200-110324,120.00000000,25,2024-03-11 09:52:47.276073,taker
P-BTC-68400-130324,613.00000000,25,2024-03-11 09:52:56.915442,taker
C-BTC-72500-220324,4056.00000000,25,2024-03-11 10:25:26.305832,taker
P-BTC-72000-120324,1442.00000000,25,2024-03-11 10:25:40.079323,taker
C-BTC-71000-130324,2213.00000000,25,2024-03-11 10:35:04.087295,taker
P-BTC-71800-110324,468.00000000,25,2024-03-11 10:35:14.133009,taker
C-BTC-71800-120324,1324.00000000,25,2024-03-11 10:52:54.980258,taker
P-BTC-71800-120324,1336.00000000,25,2024-03-11 10:53:05.225372,taker
C-BTC-73000-220324,3919.00000000,25,2024-03-11 11:08:14.641228,taker
P-BTC-60000-220324,499.00000000,25,2024-03-11 11:08:25.237629,taker
C-BTC-75200-120324,398.00000000,25,2024-03-11 11:43:34.885516,taker
P-BTC-65000-150324,455.00000000,25,2024-03-11 11:43:45.401171,taker
C-BTC-71000-120324,1995.50000000,25,2024-03-11 11:46:47.045904,taker
C-BTC-70800-120324,2143.80000000,25,2024-03-11 11:49:15.718000,taker
C-BTC-72000-110324,22.00000000,15,2024-03-11 11:54:16.151688,maker
C-BTC-70400-110324,1431.87241379,10,2024-03-11 12:00:00.062867,taker
C-BTC-70600-110324,1231.87241379,25,2024-03-11 12:00:00.164046,taker
C-BTC-63200-110324,8631.87241379,25,2024-03-11 12:00:02.432800,taker
P-BTC-72000-110324,168.12758621,25,2024-03-11 12:00:02.545136,taker
C-BTC-71600-110324,231.87241379,25,2024-03-11 12:00:02.934366,taker
C-BTC-71200-110324,631.87241379,25,2024-03-11 12:00:03.651188,taker
C-BTC-71800-110324,31.87241379,25,2024-03-11 12:00:03.767787,taker
C-BTC-72000-120324,1147.00000000,10,2024-03-11 12:23:38.375604,maker
C-BTC-71600-120324,1484.00000000,25,2024-03-11 13:01:50.455902,taker
P-BTC-71000-140324,1721.00000000,25,2024-03-11 13:01:57.711538,taker
C-BTC-67000-220324,7627.10000000,25,2024-03-11 13:22:20.388135,taker
C-BTC-77200-130324,576.00000000,25,2024-03-11 13:25:11.368605,taker
P-BTC-71600-130324,1432.00000000,25,2024-03-11 13:25:17.418672,taker
C-BTC-72400-130324,1647.00000000,25,2024-03-11 13:49:53.270558,taker
P-BTC-73200-140324,3035.00000000,25,2024-03-11 13:50:00.649732,taker
C-BTC-70800-140324,2627.00000000,25,2024-03-11 13:52:41.564960,taker
P-BTC-71400-130324,1702.00000000,25,2024-03-11 13:52:52.786291,taker
C-BTC-71800-140324,2565.00000000,25,2024-03-11 14:16:35.573022,taker
P-BTC-68200-130324,425.00000000,25,2024-03-11 14:16:42.040466,taker
C-BTC-74000-120324,638.00000000,25,2024-03-11 14:21:09.566241,taker
P-BTC-69200-130324,616.00000000,25,2024-03-11 14:21:17.348354,taker
C-BTC-71200-130324,2524.60000000,25,2024-03-11 15:35:14.996398,taker
C-BTC-70000-290324,6975.80000000,25,2024-03-11 15:35:17.361110,taker
C-BTC-71200-120324,1961.70000000,25,2024-03-11 15:35:18.374096,taker
C-BTC-75600-120324,167.00000000,25,2024-03-11 16:04:24.119387,taker
P-BTC-73600-140324,3054.00000000,25,2024-03-11 16:04:35.613050,taker
C-BTC-75200-130324,771.00000000,25,2024-03-11 16:36:19.419419,taker
P-BTC-69400-130324,528.00000000,25,2024-03-11 16:36:27.223637,taker
C-BTC-72600-130324,1697.00000000,25,2024-03-11 16:52:26.225191,taker
P-BTC-69600-130324,536.00000000,25,2024-03-11 16:52:34.948378,taker
C-BTC-74800-130324,806.00000000,25,2024-03-11 17:12:09.111344,taker
P-BTC-72400-120324,961.00000000,25,2024-03-11 17:12:22.014577,taker
C-BTC-72200-140324,2302.00000000,25,2024-03-11 17:26:31.544026,taker
P-BTC-72800-120324,1142.00000000,25,2024-03-11 17:26:41.210542,taker
C-BTC-73000-120324,816.00000000,25,2024-03-11 19:10:53.136971,taker
P-BTC-70000-140324,856.00000000,25,2024-03-11 19:11:06.239725,taker
C-BTC-71800-130324,1841.00000000,25,2024-03-11 19:36:56.752438,taker
P-BTC-67200-140324,390.00000000,25,2024-03-11 19:37:05.858812,taker
C-BTC-72000-120324,822.00000000,10,2024-03-12 02:30:32.598662,taker
C-BTC-73000-120324,352.00000000,15,2024-03-12 02:31:07.635112,maker
P-BTC-72800-120324,1459.90000000,25,2024-03-12 04:05:24.710828,taker
C-BTC-72800-120324,196.00000000,700,2024-03-12 04:59:52.835633,maker
C-BTC-72800-120324,191.00000000,300,2024-03-12 05:44:22.328547,taker
P-BTC-70800-120324,72.00000000,15,2024-03-12 07:07:58.130223,taker
C-BTC-72800-120324,73.00000000,1000,2024-03-12 08:15:03.484902,taker
C-BTC-72200-120324,96.00000000,700,2024-03-12 08:28:39.308390,maker
C-BTC-72200-120324,242.00000000,700,2024-03-12 09:16:06.391242,taker
C-BTC-72400-120324,156.00000000,700,2024-03-12 09:16:32.912144,maker
C-BTC-72400-120324,113.00000000,700,2024-03-12 11:22:45.079648,taker
C-BTC-74800-130324,365.00000000,700,2024-03-12 11:23:06.288990,maker
C-BTC-72200-120324,9.00000000,15,2024-03-12 11:53:35.329450,maker
P-BTC-70800-120324,21.00000000,15,2024-03-12 11:53:52.101529,taker
C-BTC-71600-120324,509.08275862,25,2024-03-12 12:00:01.364521,taker
P-BTC-72400-120324,290.91724138,25,2024-03-12 12:00:01.594799,taker
C-BTC-71800-120324,309.08275862,25,2024-03-12 12:00:03.023268,taker
P-BTC-71600-130324,752.00000000,30,2024-03-12 14:10:02.997799,maker
P-BTC-71600-130324,760.00000000,30,2024-03-12 14:14:00.559479,taker
C-BTC-74800-130324,146.00000000,700,2024-03-12 15:57:16.610813,taker
C-BTC-74000-130324,219.00000000,750,2024-03-12 15:58:02.409287,maker
C-BTC-74000-130324,138.00000000,750,2024-03-12 16:23:21.061904,taker
C-BTC-70800-130324,1021.00000000,50,2024-03-12 16:24:51.525436,taker
P-BTC-70000-140324,1140.20000000,25,2024-03-12 16:25:16.668020,taker
C-BTC-69400-130324,1619.00000000,25,2024-03-12 16:25:27.612887,taker
P-BTC-71200-130324,1307.00000000,25,2024-03-12 16:25:32.875500,taker
C-BTC-70800-130324,675.00000000,50,2024-03-12 16:40:33.971952,maker
P-BTC-65200-130324,80.00000000,500,2024-03-12 16:42:17.632492,taker
P-BTC-69600-130324,711.10000000,25,2024-03-12 17:06:27.657508,taker
P-BTC-71600-130324,1861.70000000,25,2024-03-12 17:06:27.886768,taker
P-BTC-69400-130324,694.20000000,25,2024-03-12 17:06:32.103073,taker
P-BTC-71200-130324,1630.20000000,25,2024-03-12 17:06:32.151947,taker
P-BTC-73600-140324,3929.90000000,25,2024-03-12 17:09:35.426763,taker
P-BTC-67200-140324,508.30000000,25,2024-03-12 17:20:32.513520,taker
P-BTC-71000-140324,2220.40000000,25,2024-03-12 17:20:32.643112,taker
P-BTC-69200-130324,803.40000000,25,2024-03-12 17:20:33.404890,taker
P-BTC-73200-140324,3935.10000000,25,2024-03-12 17:20:36.183832,taker
P-BTC-72800-140324,3703.80000000,25,2024-03-12 17:21:17.805764,taker
P-BTC-71400-130324,2263.30000000,25,2024-03-12 17:21:17.900442,taker
P-BTC-71200-140324,2507.80000000,25,2024-03-12 17:21:19.305682,taker
P-BTC-68200-130324,557.70000000,25,2024-03-12 17:21:21.482882,taker
P-BTC-69800-130324,1313.00000000,25,2024-03-12 17:22:42.594488,taker
P-BTC-68400-130324,798.20000000,25,2024-03-12 17:22:50.538285,taker
P-BTC-70400-130324,1965.70000000,25,2024-03-12 17:22:51.140776,taker
P-BTC-65200-130324,111.00000000,100,2024-03-12 17:31:58.613737,maker
C-BTC-69400-130324,2083.90000000,25,2024-03-12 18:00:07.809327,taker
P-BTC-68400-130324,12.00000000,200,2024-03-13 03:18:24.478018,maker
P-BTC-70600-140324,438.00000000,5,2024-03-13 06:28:51.168352,maker
C-BTC-64000-150324,9571.90000000,25,2024-03-13 08:27:49.898794,taker
C-BTC-66000-130324,7478.00000000,1,2024-03-13 09:58:51.249679,taker
C-BTC-74800-130324,5.00000000,200,2024-03-13 10:23:23.838257,maker
P-BTC-73200-130324,49.00000000,100,2024-03-13 11:44:48.935915,maker
P-BTC-73200-130324,38.00000000,300,2024-03-13 11:45:59.859506,maker
P-BTC-73200-130324,38.00000000,300,2024-03-13 11:48:03.174010,maker
C-BTC-73200-130324,32.00000000,700,2024-03-13 11:54:07.902296,maker
P-BTC-73200-130324,9.89310345,700,2024-03-13 12:00:00.123751,taker
C-BTC-66000-130324,7190.10689655,1,2024-03-13 12:00:02.107474,taker
C-BTC-71800-130324,1390.10689655,25,2024-03-13 12:00:02.451238,taker
C-BTC-72000-130324,1190.10689655,25,2024-03-13 12:00:02.674225,taker
C-BTC-72600-130324,590.10689655,25,2024-03-13 12:00:02.727382,taker
C-BTC-72400-130324,790.10689655,25,2024-03-13 12:00:02.784359,taker
C-BTC-71600-130324,1590.10689655,25,2024-03-13 12:00:03.006102,taker
C-BTC-71000-130324,2190.10689655,25,2024-03-13 12:00:03.064141,taker
C-BTC-77600-140324,97.00000000,50,2024-03-13 12:28:37.498188,maker
C-BTC-72600-140324,1040.00000000,1,2024-03-13 14:30:01.533658,maker
C-BTC-72600-140324,897.00000000,6,2024-03-13 14:32:43.019389,maker
P-BTC-68400-140324,24.00000000,100,2024-03-13 17:04:27.236816,taker
C-BTC-76400-140324,75.00000000,100,2024-03-13 17:05:10.228926,maker
C-BTC-72800-160324,1706.00000000,25,2024-03-13 22:56:08.390716,taker
P-BTC-72000-160324,1014.00000000,25,2024-03-13 22:56:09.567955,taker
P-BTC-73000-140324,453.00000000,10,2024-03-14 05:29:15.033687,maker
C-BTC-73000-140324,427.00000000,10,2024-03-14 05:29:15.033771,maker
P-BTC-71600-140324,62.00000000,60,2024-03-14 05:41:27.490539,maker
P-BTC-70200-140324,10.00000000,300,2024-03-14 05:46:40.550489,maker
P-BTC-70200-140324,0.10000000,10,2024-03-14 06:50:34.581775,maker
P-BTC-71600-140324,5.00000000,60,2024-03-14 09:21:12.149812,maker
C-BTC-73400-140324,166.00000000,5,2024-03-14 09:52:45.772496,maker
C-BTC-71400-140324,1641.00000000,25,2024-03-14 10:15:43.769481,taker
P-BTC-74600-140324,1635.00000000,25,2024-03-14 10:15:45.347572,taker
P-BTC-67000-150324,37.00000000,100,2024-03-14 10:19:17.485222,maker
C-BTC-73000-140324,245.00000000,25,2024-03-14 10:40:06.104803,taker
P-BTC-73400-160324,1398.00000000,25,2024-03-14 10:40:07.694300,taker
C-BTC-73400-140324,58.00000000,5,2024-03-14 10:42:50.564165,maker
P-BTC-72800-140324,30.00000000,400,2024-03-14 11:57:00.681394,maker
C-BTC-72800-140324,15.00000000,1000,2024-03-14 11:57:00.681486,maker
C-BTC-72800-140324,7.00000000,100,2024-03-14 11:58:47.680494,maker
C-BTC-72800-140324,6.00000000,50,2024-03-14 11:59:10.046430,maker
C-BTC-72600-140324,184.12413793,7,2024-03-14 12:00:00.037181,taker
P-BTC-72800-140324,15.87586207,400,2024-03-14 12:00:00.103870,taker
P-BTC-73000-140324,215.87586207,10,2024-03-14 12:00:00.188797,taker
P-BTC-72800-140324,15.87586207,25,2024-03-14 12:00:00.430537,taker
C-BTC-71800-140324,984.12413793,25,2024-03-14 12:00:00.606269,taker
P-BTC-74600-140324,1815.87586207,25,2024-03-14 12:00:00.853115,taker
C-BTC-70800-140324,1984.12413793,25,2024-03-14 12:00:00.910052,taker
C-BTC-71400-140324,1384.12413793,25,2024-03-14 12:00:01.154368,taker
C-BTC-72200-140324,584.12413793,25,2024-03-14 12:00:01.478536,taker
C-BTC-72400-170324,1698.00000000,25,2024-03-14 12:22:48.532007,taker
P-BTC-71800-170324,914.00000000,25,2024-03-14 12:22:50.147581,taker
C-BTC-72400-150324,984.00000000,9,2024-03-14 13:22:40.911580,maker
C-BTC-74000-150324,377.00000000,25,2024-03-14 13:23:10.277752,maker
C-BTC-73600-170324,992.00000000,25,2024-03-14 13:23:49.405179,taker
P-BTC-71600-160324,904.00000000,25,2024-03-14 13:23:50.926033,taker
C-BTC-74000-150324,406.00000000,25,2024-03-14 13:27:54.613421,taker
C-BTC-74000-150324,412.00000000,25,2024-03-14 13:30:34.664538,maker
P-BTC-73400-160324,1821.30000000,25,2024-03-14 13:33:52.389233,taker
C-BTC-72400-150324,892.00000000,3,2024-03-14 13:34:39.873323,maker
P-BTC-71800-170324,1192.20000000,25,2024-03-14 13:39:29.555810,taker
C-BTC-74000-150324,355.00000000,25,2024-03-14 13:41:38.853082,taker
P-BTC-72000-160324,1318.20000000,25,2024-03-14 13:46:14.192940,taker
P-BTC-71600-160324,1194.70000000,25,2024-03-14 13:50:58.866584,taker
P-BTC-71800-150324,1016.00000000,15,2024-03-14 13:52:31.310007,maker
P-BTC-71800-150324,1104.00000000,15,2024-03-14 13:54:16.781382,taker
P-BTC-71600-150324,1006.00000000,15,2024-03-14 13:54:47.044597,taker
C-BTC-75600-150324,90.00000000,100,2024-03-14 13:56:35.738505,taker
C-BTC-75600-150324,106.00000000,100,2024-03-14 13:56:50.374606,maker
P-BTC-71600-150324,830.00000000,15,2024-03-14 13:57:22.981949,maker
C-BTC-75600-150324,115.00000000,200,2024-03-14 13:57:52.526012,maker
P-BTC-71800-150324,869.00000000,10,2024-03-14 13:58:36.320805,taker
C-BTC-70600-150324,1682.00000000,25,2024-03-14 14:40:39.861173,taker
P-BTC-68500-150324,145.00000000,25,2024-03-14 14:40:41.076665,taker
C-BTC-71000-150324,1118.00000000,25,2024-03-14 14:50:39.346559,taker
P-BTC-70600-150324,580.00000000,25,2024-03-14 14:50:40.931873,taker
C-BTC-71000-150324,1432.70000000,25,2024-03-14 15:05:35.339507,taker
C-BTC-73000-150324,402.00000000,8,2024-03-14 15:09:20.714068,maker
C-BTC-71800-150324,1016.00000000,25,2024-03-14 15:14:14.647935,taker
P-BTC-70400-150324,295.00000000,25,2024-03-14 15:14:16.515861,taker
P-BTC-70400-150324,368.00000000,25,2024-03-14 15:20:04.610428,taker
C-BTC-76000-160324,197.00000000,25,2024-03-14 15:20:06.247919,taker
P-BTC-70800-150324,499.00000000,25,2024-03-14 15:20:07.727904,taker
C-BTC-73000-150324,391.00000000,25,2024-03-14 15:20:23.450064,taker
P-BTC-71200-150324,622.00000000,25,2024-03-14 15:20:25.172629,taker
C-BTC-71200-150324,1137.00000000,25,2024-03-14 15:20:50.247453,taker
P-BTC-70400-150324,400.00000000,25,2024-03-14 15:20:52.388587,taker
C-BTC-71400-150324,1006.00000000,25,2024-03-14 15:21:09.418811,taker
P-BTC-71000-150324,584.00000000,25,2024-03-14 15:21:11.272085,taker
P-BTC-68500-150324,185.90000000,25,2024-03-14 15:25:17.539421,taker
P-BTC-70800-150324,634.40000000,25,2024-03-14 15:25:27.118150,taker
P-BTC-70400-150324,514.90000000,25,2024-03-14 15:25:29.185324,taker
C-BTC-70400-150324,1420.00000000,25,2024-03-14 15:25:29.617348,taker
P-BTC-71200-150324,830.70000000,25,2024-03-14 15:25:30.418928,taker
P-BTC-71000-150324,751.40000000,25,2024-03-14 15:25:31.110860,taker
P-BTC-71800-150324,1239.00000000,10,2024-03-14 15:25:31.622396,taker
P-BTC-70800-150324,731.00000000,25,2024-03-14 15:25:32.205132,taker
C-BTC-71000-150324,1046.00000000,25,2024-03-14 15:26:17.323120,taker
P-BTC-71400-150324,972.00000000,25,2024-03-14 15:26:19.119528,taker
C-BTC-70800-150324,1117.00000000,25,2024-03-14 15:26:33.839445,taker
P-BTC-72200-170324,1833.00000000,25,2024-03-14 15:26:35.510139,taker
P-BTC-70600-150324,737.10000000,25,2024-03-14 15:28:16.166191,taker
P-BTC-70800-150324,824.80000000,25,2024-03-14 15:28:16.177640,taker
P-BTC-71200-150324,1039.00000000,7,2024-03-14 15:29:02.504111,maker
P-BTC-71400-150324,1181.70000000,25,2024-03-14 15:31:12.464491,taker
C-BTC-75200-170324,230.00000000,25,2024-03-14 15:31:31.686843,taker
P-BTC-72000-150324,1571.00000000,25,2024-03-14 15:31:33.736472,taker
C-BTC-75600-150324,53.00000000,12,2024-03-14 15:36:45.362458,maker
C-BTC-72600-160324,770.00000000,25,2024-03-14 15:42:16.589840,taker
P-BTC-71600-170324,1627.00000000,25,2024-03-14 15:42:18.317823,taker
C-BTC-75200-170324,288.60000000,25,2024-03-14 15:46:34.387116,taker
P-BTC-75200-150324,4109.00000000,5,2024-03-14 15:55:37.824511,maker
C-BTC-75200-150324,44.00000000,300,2024-03-14 16:07:34.265838,taker
C-BTC-70800-160324,1276.00000000,25,2024-03-14 16:14:44.995079,taker
P-BTC-69800-150324,716.00000000,25,2024-03-14 16:14:47.066524,taker
P-BTC-72200-170324,2351.80000000,25,2024-03-14 16:15:12.558976,taker
P-BTC-71200-150324,1355.00000000,7,2024-03-14 16:16:09.899243,maker
C-BTC-73000-160324,522.00000000,25,2024-03-14 16:16:21.247906,taker
P-BTC-71000-150324,1273.00000000,25,2024-03-14 16:16:23.474612,taker
C-BTC-72000-170324,887.00000000,25,2024-03-14 16:17:58.767989,taker
P-BTC-68500-150324,373.00000000,25,2024-03-14 16:18:00.566545,taker
P-BTC-72000-150324,2106.00000000,25,2024-03-14 16:30:30.335879,taker
P-BTC-69800-150324,852.90000000,25,2024-03-14 16:30:43.247748,taker
P-BTC-68500-150324,474.50000000,25,2024-03-14 16:30:43.506977,taker
P-BTC-71600-170324,2169.80000000,25,2024-03-14 16:31:16.683867,taker
C-BTC-69800-160324,1586.00000000,25,2024-03-14 16:31:33.638380,taker
P-BTC-71600-170324,2286.00000000,25,2024-03-14 16:31:35.700857,taker
C-BTC-69800-160324,2024.20000000,25,2024-03-14 16:36:09.903405,taker
C-BTC-73000-160324,676.00000000,25,2024-03-14 16:36:45.703869,taker
C-BTC-70800-160324,1613.30000000,25,2024-03-14 16:46:25.469938,taker
C-BTC-76000-160324,261.30000000,25,2024-03-14 16:46:36.194112,taker
C-BTC-72000-170324,1145.30000000,25,2024-03-14 16:46:39.795960,taker
C-BTC-72600-160324,919.10000000,25,2024-03-14 16:47:06.322566,taker
P-BTC-70000-150324,477.00000000,1,2024-03-14 16:56:22.125332,maker
C-BTC-73000-150324,334.00000000,8,2024-03-14 17:04:25.718077,taker
C-BTC-75600-150324,54.00000000,12,2024-03-14 17:04:25.719657,taker
C-BTC-72200-150324,475.00000000,1,2024-03-14 17:10:25.067639,maker
C-BTC-72200-150324,369.00000000,1,2024-03-14 17:28:25.402229,maker
C-BTC-75600-150324,24.00000000,400,2024-03-14 17:47:41.912187,maker
C-BTC-73400-170324,564.00000000,25,2024-03-14 17:49:35.184860,taker
P-BTC-71200-170324,1465.00000000,25,2024-03-14 17:49:36.847555,taker
C-BTC-74000-170324,339.00000000,25,2024-03-14 18:18:58.351866,taker
P-BTC-69600-170324,970.00000000,25,2024-03-14 18:18:59.739728,taker
C-BTC-74400-170324,290.00000000,25,2024-03-14 18:19:39.855670,taker
P-BTC-70800-150324,1039.00000000,25,2024-03-14 18:19:42.137035,taker
C-BTC-74800-170324,284.00000000,25,2024-03-14 18:25:05.494650,taker
P-BTC-70000-170324,1038.00000000,25,2024-03-14 18:25:07.565564,taker
P-BTC-71200-170324,1914.90000000,25,2024-03-14 18:51:35.439601,taker
P-BTC-70800-150324,1298.70000000,25,2024-03-14 18:51:35.758124,taker
P-BTC-70000-170324,1381.90000000,25,2024-03-14 18:51:47.006344,taker
P-BTC-69600-170324,1267.50000000,25,2024-03-14 18:52:13.377022,taker
P-BTC-71000-150324,1639.30000000,25,2024-03-14 18:52:44.410560,taker
P-BTC-75200-150324,5959.00000000,3,2024-03-14 18:54:28.149271,taker
C-BTC-69800-170324,1674.00000000,25,2024-03-14 18:59:38.620629,taker
P-BTC-70000-160324,1225.00000000,25,2024-03-14 18:59:40.303004,taker
P-BTC-75200-150324,5470.00000000,1,2024-03-14 19:01:13.237580,taker
P-BTC-70000-160324,1628.90000000,25,2024-03-14 19:31:05.494710,taker
C-BTC-70400-170324,887.00000000,25,2024-03-14 19:31:35.499284,taker
P-BTC-69600-160324,1557.00000000,25,2024-03-14 19:31:37.294245,taker
P-BTC-71600-170324,2820.80000000,25,2024-03-14 19:33:31.592507,taker
P-BTC-75200-150324,6402.00000000,1,2024-03-14 19:36:17.592731,taker
C-BTC-72400-150324,177.00000000,12,2024-03-14 19:47:48.949401,taker
C-BTC-70400-170324,1136.20000000,25,2024-03-14 19:52:45.360733,taker
P-BTC-69800-150324,734.00000000,25,2024-03-14 20:05:21.505788,maker
C-BTC-69800-170324,1956.50000000,25,2024-03-14 20:32:18.087946,taker
C-BTC-69800-170324,2025.00000000,25,2024-03-14 20:32:29.779502,taker
P-BTC-69600-170324,827.00000000,25,2024-03-14 20:32:31.504889,taker
C-BTC-74400-170324,379.60000000,25,2024-03-14 20:39:15.711776,taker
C-BTC-74000-170324,442.00000000,25,2024-03-14 20:39:16.894879,taker
C-BTC-74000-170324,471.00000000,25,2024-03-14 20:39:25.636835,taker
P-BTC-70000-170324,899.00000000,25,2024-03-14 20:39:28.193263,taker
C-BTC-74800-170324,360.10000000,25,2024-03-14 20:40:05.501665,taker
P-BTC-69800-150324,414.00000000,25,2024-03-14 20:44:12.621602,taker
P-BTC-70000-150324,400.00000000,42,2024-03-14 20:54:27.360917,taker
C-BTC-74400-170324,284.00000000,25,2024-03-14 21:07:42.446930,taker
P-BTC-70200-170324,1195.00000000,25,2024-03-14 21:07:44.723186,taker
C-BTC-74800-170324,297.00000000,25,2024-03-14 21:13:48.370112,taker
P-BTC-71800-170324,1797.00000000,25,2024-03-14 21:13:50.748864,taker
P-BTC-70000-150324,369.00000000,1,2024-03-14 21:15:01.905346,maker
C-BTC-74400-170324,370.50000000,25,2024-03-14 22:00:45.963074,taker
C-BTC-74800-170324,370.50000000,25,2024-03-14 22:19:44.811663,taker
C-BTC-74000-170324,574.60000000,25,2024-03-14 22:27:32.643144,taker
C-BTC-69800-170324,2543.50000000,25,2024-03-14 22:27:32.773045,taker
C-BTC-73400-170324,737.10000000,25,2024-03-14 22:27:51.183312,taker
C-BTC-74800-170324,374.00000000,25,2024-03-14 22:32:27.031349,taker
P-BTC-72200-160324,1616.00000000,25,2024-03-14 22:32:29.261711,taker
C-BTC-74400-170324,468.00000000,25,2024-03-14 22:42:37.560920,taker
P-BTC-64000-150324,7.00000000,25,2024-03-14 22:42:39.843358,taker
P-BTC-70000-150324,186.00000000,42,2024-03-14 22:47:47.033604,taker
C-BTC-73400-170324,724.00000000,25,2024-03-14 23:13:31.692186,taker
P-BTC-67600-170324,213.00000000,25,2024-03-14 23:13:33.390190,taker
C-BTC-74000-170324,564.00000000,25,2024-03-14 23:13:51.306323,taker
P-BTC-70600-170324,786.00000000,25,2024-03-14 23:13:53.539215,taker
C-BTC-73000-170324,693.00000000,25,2024-03-15 00:15:27.872286,taker
P-BTC-68800-170324,393.00000000,25,2024-03-15 00:15:30.507159,taker
C-BTC-72600-170324,837.00000000,25,2024-03-15 00:15:47.206989,taker
P-BTC-69800-170324,612.00000000,25,2024-03-15 00:15:49.313697,taker
C-BTC-72800-170324,759.00000000,25,2024-03-15 00:16:06.095948,taker
P-BTC-70400-170324,810.00000000,25,2024-03-15 00:16:08.695402,taker
C-BTC-75200-170324,262.00000000,25,2024-03-15 00:16:31.338641,taker
P-BTC-67200-170324,195.00000000,25,2024-03-15 00:16:34.107926,taker
C-BTC-73200-170324,675.00000000,25,2024-03-15 00:17:13.518500,taker
P-BTC-68000-170324,267.00000000,25,2024-03-15 00:17:16.308768,taker
C-BTC-75600-170324,228.00000000,25,2024-03-15 00:17:42.012850,taker
P-BTC-69200-170324,452.00000000,25,2024-03-15 00:17:45.041818,taker
C-BTC-76000-170324,200.00000000,25,2024-03-15 00:18:45.581223,taker
P-BTC-68400-170324,302.00000000,25,2024-03-15 00:18:48.375234,taker
C-BTC-73800-170324,552.00000000,25,2024-03-15 00:19:11.302967,taker
P-BTC-70800-170324,873.00000000,25,2024-03-15 00:19:15.852302,taker
C-BTC-75200-170324,340.60000000,25,2024-03-15 00:25:33.157183,taker
C-BTC-75600-170324,296.50000000,25,2024-03-15 00:26:05.793479,taker
C-BTC-75600-170324,308.00000000,25,2024-03-15 00:26:18.410136,taker
P-BTC-71000-170324,809.00000000,25,2024-03-15 00:26:23.564614,taker
C-BTC-73200-170324,845.00000000,25,2024-03-15 00:26:55.686051,taker
C-BTC-72800-170324,1001.00000000,25,2024-03-15 00:28:49.955926,taker
C-BTC-72600-170324,1082.90000000,25,2024-03-15 00:28:49.974705,taker
C-BTC-73000-170324,928.20000000,25,2024-03-15 00:28:50.027647,taker
C-BTC-76000-170324,257.50000000,25,2024-03-15 00:28:50.080406,taker
C-BTC-76000-170324,273.00000000,25,2024-03-15 00:28:55.274274,taker
P-BTC-71200-170324,836.00000000,25,2024-03-15 00:28:58.431018,taker
C-BTC-75200-170324,407.00000000,25,2024-03-15 00:29:23.980640,taker
P-BTC-71600-160324,924.00000000,25,2024-03-15 00:29:27.266999,taker
C-BTC-74800-170324,468.00000000,25,2024-03-15 00:29:40.466235,taker
C-BTC-73800-170324,725.40000000,25,2024-03-15 00:31:26.051259,taker
C-BTC-70800-150324,1440.40000000,25,2024-03-15 00:31:26.069355,taker
C-BTC-70400-150324,1896.70000000,25,2024-03-15 00:32:25.420781,taker
C-BTC-71000-150324,1368.90000000,25,2024-03-15 00:32:25.473217,taker
C-BTC-73800-170324,765.00000000,25,2024-03-15 00:33:41.139476,taker
P-BTC-71400-170324,857.00000000,25,2024-03-15 00:33:43.879548,taker
C-BTC-74400-170324,616.20000000,25,2024-03-15 00:34:43.349160,taker
C-BTC-73400-170324,929.50000000,25,2024-03-15 00:34:49.679782,taker
C-BTC-74000-170324,735.90000000,25,2024-03-15 00:34:50.348894,taker
C-BTC-74000-170324,783.00000000,25,2024-03-15 00:34:58.685421,taker
P-BTC-72200-170324,1133.00000000,25,2024-03-15 00:35:01.784476,taker
C-BTC-73400-170324,795.00000000,25,2024-03-15 01:00:27.592204,taker
P-BTC-73000-170324,1761.00000000,25,2024-03-15 01:00:30.358449,taker
C-BTC-73200-170324,732.00000000,25,2024-03-15 01:52:45.352250,taker
P-BTC-72600-170324,1706.00000000,25,2024-03-15 01:52:49.109010,taker
P-BTC-72200-170324,1469.00000000,25,2024-03-15 02:01:28.043002,taker
P-BTC-71400-170324,1105.00000000,25,2024-03-15 02:15:13.263151,taker
P-BTC-71600-160324,1203.80000000,25,2024-03-15 02:21:25.759553,taker
P-BTC-71200-170324,1138.80000000,25,2024-03-15 02:23:25.091852,taker
P-BTC-71000-170324,1059.50000000,25,2024-03-15 02:23:39.435734,taker
P-BTC-73000-170324,2295.80000000,25,2024-03-15 02:23:47.516169,taker
P-BTC-72600-170324,2174.90000000,25,2024-03-15 02:26:17.267051,taker
P-BTC-68400-170324,397.80000000,25,2024-03-15 02:26:17.547579,taker
P-BTC-70600-170324,1033.50000000,25,2024-03-15 02:26:17.809307,taker
P-BTC-67600-170324,280.80000000,25,2024-03-15 02:26:17.890764,taker
C-BTC-70600-170324,1466.00000000,25,2024-03-15 02:26:31.818550,taker
P-BTC-68400-170324,415.00000000,25,2024-03-15 02:26:34.493322,taker
P-BTC-70800-170324,1136.20000000,25,2024-03-15 02:28:05.222553,taker
P-BTC-69200-170324,590.20000000,25,2024-03-15 02:28:07.362498,taker
C-BTC-71000-170324,1238.00000000,25,2024-03-15 02:28:22.651396,taker
P-BTC-67600-170324,291.00000000,25,2024-03-15 02:28:25.986039,taker
P-BTC-68800-170324,500.50000000,25,2024-03-15 02:29:21.299040,taker
P-BTC-67200-170324,253.50000000,25,2024-03-15 02:30:09.172117,taker
P-BTC-68000-170324,362.70000000,25,2024-03-15 02:30:11.325198,taker
P-BTC-70400-170324,1025.70000000,25,2024-03-15 02:30:12.202883,taker
P-BTC-69800-170324,802.10000000,25,2024-03-15 02:30:12.642281,taker
P-BTC-72200-160324,2119.00000000,25,2024-03-15 02:32:22.486465,taker
C-BTC-71400-170324,871.00000000,25,2024-03-15 02:36:37.208010,taker
P-BTC-68000-170324,472.00000000,25,2024-03-15 02:36:39.733232,taker
P-BTC-68400-170324,552.50000000,25,2024-03-15 02:37:33.491968,taker
P-BTC-67600-170324,396.50000000,25,2024-03-15 02:37:37.261555,taker
P-BTC-70000-170324,1194.70000000,25,2024-03-15 02:39:28.616136,taker
C-BTC-69400-150324,1023.00000000,25,2024-03-15 02:39:36.519974,taker
P-BTC-68400-170324,678.00000000,25,2024-03-15 02:39:39.166616,taker
P-BTC-69600-170324,1073.80000000,25,2024-03-15 02:39:55.482464,taker
P-BTC-71800-170324,2355.60000000,25,2024-03-15 02:39:57.185283,taker
P-BTC-68000-170324,600.60000000,25,2024-03-15 02:41:45.545735,taker
P-BTC-70200-170324,1526.20000000,25,2024-03-15 02:41:58.056937,taker
C-BTC-73800-160324,184.00000000,25,2024-03-15 02:44:30.214150,taker
P-BTC-67600-170324,581.00000000,25,2024-03-15 02:44:32.518889,taker
C-BTC-69200-170324,1704.00000000,25,2024-03-15 02:45:14.407295,taker
P-BTC-68000-170324,690.00000000,25,2024-03-15 02:45:17.106810,taker
P-BTC-68400-170324,838.50000000,25,2024-03-15 02:45:35.743021,taker
P-BTC-64000-150324,9.10000000,25,2024-03-15 02:47:04.511146,taker
P-BTC-68000-170324,845.00000000,25,2024-03-15 02:47:25.023449,taker
P-BTC-67600-170324,746.20000000,25,2024-03-15 02:47:35.971102,taker
P-BTC-69600-160324,1944.80000000,25,2024-03-15 02:53:01.789866,taker
C-BTC-70200-170324,777.00000000,25,2024-03-15 02:54:48.622136,taker
P-BTC-67600-170324,1042.00000000,25,2024-03-15 02:54:50.863587,taker
C-BTC-70200-170324,1049.20000000,25,2024-03-15 03:01:37.392803,taker
C-BTC-73800-160324,236.60000000,25,2024-03-15 03:03:00.516886,taker
C-BTC-70200-170324,838.00000000,25,2024-03-15 03:22:12.990494,taker
P-BTC-64000-150324,80.00000000,25,2024-03-15 03:22:15.047374,taker
P-BTC-67600-170324,1307.80000000,25,2024-03-15 03:23:53.437236,taker
P-BTC-64000-150324,85.80000000,25,2024-03-15 03:23:53.810877,taker
P-BTC-60000-220324,651.40000000,25,2024-03-15 03:25:41.616639,taker
C-BTC-67200-160324,1664.00000000,25,2024-03-15 03:27:39.158854,taker
C-BTC-74000-160324,96.00000000,25,2024-03-15 03:27:57.669114,taker
C-BTC-74000-160324,120.90000000,25,2024-03-15 03:31:56.447227,taker
C-BTC-67200-160324,2059.30000000,25,2024-03-15 03:36:34.602425,taker
C-BTC-71800-170324,593.00000000,25,2024-03-15 03:41:52.990694,taker
P-BTC-65600-170324,580.00000000,25,2024-03-15 03:41:55.422016,taker
C-BTC-71200-170324,763.00000000,25,2024-03-15 03:46:02.991090,taker
P-BTC-67600-170324,1096.00000000,25,2024-03-15 03:46:05.081239,taker
C-BTC-70200-170324,1111.50000000,25,2024-03-15 03:50:55.481778,taker
P-BTC-65600-170324,752.70000000,25,2024-03-15 04:05:08.519814,taker
P-BTC-67600-170324,1428.70000000,25,2024-03-15 04:05:08.534978,taker
C-BTC-67600-170324,1688.00000000,25,2024-03-15 04:06:27.237559,taker
P-BTC-60000-260424,2856.00000000,25,2024-03-15 04:06:29.509425,taker
C-BTC-67200-150324,1128.00000000,49,2024-03-15 04:59:29.441224,maker
C-BTC-67800-170324,1877.00000000,25,2024-03-15 05:03:16.457098,taker
C-BTC-67200-150324,1588.00000000,26,2024-03-15 05:03:18.609069,taker
P-BTC-72000-290324,5840.00000000,25,2024-03-15 05:03:18.726989,taker
C-BTC-72000-170324,326.00000000,25,2024-03-15 05:45:55.633802,taker
P-BTC-71000-290324,5709.00000000,25,2024-03-15 05:45:58.318782,taker
C-BTC-72000-150324,5.00000000,25,2024-03-15 05:46:26.426698,taker
P-BTC-70000-290324,5108.00000000,25,2024-03-15 05:46:29.025311,taker
P-BTC-67600-150324,819.00000000,5,2024-03-15 06:02:14.787170,maker
C-BTC-67600-150324,868.00000000,5,2024-03-15 06:02:14.787277,maker
C-BTC-72000-170324,420.00000000,25,2024-03-15 06:25:56.436732,taker
C-BTC-67200-150324,1705.00000000,11,2024-03-15 06:31:04.940487,taker
C-BTC-67600-170324,2208.80000000,25,2024-03-15 06:35:19.538747,taker
C-BTC-74800-150324,0.10000000,1,2024-03-15 07:18:39.042327,maker
C-BTC-74800-150324,3.00000000,1,2024-03-15 07:20:02.480009,taker
C-BTC-70600-150324,14.00000000,1,2024-03-15 07:25:51.113452,maker
C-BTC-69000-150324,426.00000000,1,2024-03-15 07:36:22.360154,maker
P-BTC-68000-150324,392.00000000,1,2024-03-15 07:38:07.758483,maker
C-BTC-69000-160324,1288.00000000,25,2024-03-15 07:45:47.173279,taker
P-BTC-68000-290324,3292.00000000,25,2024-03-15 07:45:50.643594,taker
C-BTC-74000-160324,104.00000000,1000,2024-03-15 08:01:59.503458,maker
C-BTC-69400-160324,857.00000000,25,2024-03-15 08:03:45.557840,taker
P-BTC-68000-160324,1002.00000000,25,2024-03-15 08:03:48.340728,taker
C-BTC-70600-150324,11.00000000,1,2024-03-15 08:15:38.348485,taker
C-BTC-74000-160324,74.00000000,1000,2024-03-15 08:16:06.233979,maker
C-BTC-75200-150324,2.00000000,300,2024-03-15 08:16:56.117804,taker
C-BTC-69000-150324,231.00000000,1,2024-03-15 08:17:35.674491,taker
C-BTC-70000-150324,25.00000000,300,2024-03-15 08:17:53.253992,maker
C-BTC-70000-150324,25.00000000,300,2024-03-15 08:18:12.513202,maker
C-BTC-70000-150324,26.00000000,300,2024-03-15 08:18:35.053481,maker
C-BTC-67600-160324,1428.00000000,25,2024-03-15 08:25:23.802980,taker
P-BTC-69000-290324,3951.00000000,25,2024-03-15 08:25:26.360101,taker
P-BTC-68000-160324,1245.40000000,25,2024-03-15 08:29:38.240646,taker
C-BTC-68000-150324,399.00000000,1,2024-03-15 08:36:53.749177,maker
C-BTC-67800-150324,393.00000000,1,2024-03-15 08:45:06.383209,maker
P-BTC-67600-150324,621.00000000,1,2024-03-15 08:47:09.656385,maker
C-BTC-67500-150324,397.00000000,1,2024-03-15 08:53:18.377631,maker
P-BTC-60000-290324,1406.70000000,25,2024-03-15 09:09:34.526479,taker
P-BTC-68000-150324,2028.00000000,1,2024-03-15 09:10:04.808583,taker
P-BTC-68000-290324,4303.00000000,25,2024-03-15 09:13:19.529820,taker
P-BTC-59000-220324,760.50000000,25,2024-03-15 09:14:10.591587,taker
C-BTC-66800-150324,285.00000000,1,2024-03-15 09:14:43.646165,maker
C-BTC-68000-150324,104.00000000,500,2024-03-15 09:16:46.540697,maker
C-BTC-68400-150324,67.00000000,7,2024-03-15 09:18:34.288844,maker
C-BTC-68400-150324,135.00000000,1,2024-03-15 09:34:36.655801,taker
C-BTC-68400-160324,1144.00000000,25,2024-03-15 09:39:18.576371,taker
P-BTC-68000-160324,1590.00000000,25,2024-03-15 09:39:21.369881,taker
C-BTC-66800-150324,1257.00000000,1,2024-03-15 09:41:51.630985,taker
C-BTC-67500-150324,760.00000000,1,2024-03-15 09:41:51.631500,taker
P-BTC-67600-150324,514.00000000,1,2024-03-15 09:41:51.631714,taker
C-BTC-67800-150324,592.00000000,1,2024-03-15 09:41:51.632093,taker
C-BTC-68000-150324,490.00000000,1,2024-03-15 09:41:51.632484,taker
C-BTC-67200-160324,1789.00000000,25,2024-03-15 09:43:48.614164,taker
P-BTC-63500-150324,6.00000000,25,2024-03-15 09:43:51.856222,taker
C-BTC-68000-160324,1271.00000000,25,2024-03-15 09:48:44.561290,taker
P-BTC-63000-150324,4.00000000,25,2024-03-15 09:48:47.059166,taker
C-BTC-68200-160324,1393.00000000,25,2024-03-15 09:55:34.270178,taker
P-BTC-67600-160324,1199.00000000,25,2024-03-15 09:55:37.126797,taker
C-BTC-67800-150324,609.00000000,25,2024-03-15 09:56:05.034123,taker
P-BTC-68000-290324,3784.00000000,25,2024-03-15 09:56:08.208071,taker
C-BTC-68500-150324,148.00000000,2,2024-03-15 10:27:46.246340,maker
P-BTC-67000-150324,129.00000000,2,2024-03-15 10:29:35.649932,maker
C-BTC-68000-150324,136.00000000,2,2024-03-15 10:40:36.889465,maker
C-BTC-72800-170324,196.00000000,25,2024-03-15 10:43:31.200474,taker
P-BTC-67200-160324,1125.00000000,25,2024-03-15 10:43:34.127947,taker
C-BTC-68400-150324,50.00000000,8,2024-03-15 10:55:41.915579,maker
C-BTC-68500-150324,10.00000000,2,2024-03-15 11:07:44.019867,taker
C-BTC-67500-150324,128.00000000,25,2024-03-15 11:07:53.350448,taker
P-BTC-66000-290324,3194.00000000,25,2024-03-15 11:07:57.899157,taker
C-BTC-67500-150324,113.00000000,1,2024-03-15 11:08:15.047129,maker
P-BTC-67600-160324,1539.20000000,25,2024-03-15 11:09:19.551391,taker
P-BTC-67200-160324,1417.00000000,25,2024-03-15 11:11:08.557769,taker
P-BTC-67000-150324,390.00000000,2,2024-03-15 11:11:21.391077,taker
C-BTC-67600-150324,58.00000000,5,2024-03-15 11:14:15.788646,taker
P-BTC-67600-150324,731.00000000,5,2024-03-15 11:14:20.498730,taker
C-BTC-67500-150324,150.00000000,1,2024-03-15 11:14:55.337265,taker
C-BTC-68000-150324,38.00000000,2,2024-03-15 11:14:55.337614,taker
C-BTC-67500-150324,167.80000000,25,2024-03-15 11:15:26.173166,taker
P-BTC-66500-150324,57.00000000,1,2024-03-15 11:21:33.145237,maker
C-BTC-70000-160324,315.00000000,100,2024-03-15 11:21:36.988033,taker
P-BTC-64000-160324,390.00000000,1,2024-03-15 11:22:17.643489,taker
P-BTC-66500-150324,65.00000000,1,2024-03-15 11:24:15.358677,maker
C-BTC-69800-160324,390.00000000,1,2024-03-15 11:34:59.621043,taker
C-BTC-75600-150324,0.10000000,569,2024-03-15 11:49:27.628308,maker
C-BTC-67600-150324,49.00000000,1000,2024-03-15 11:51:40.472568,maker
P-BTC-67500-150324,26.00000000,2000,2024-03-15 11:57:05.200912,maker
C-BTC-67200-150324,336.08965517,12,2024-03-15 12:00:00.169256,taker
C-BTC-72800-170324,266.50000000,25,2024-03-15 12:00:00.923098,taker
C-BTC-67400-160324,1326.00000000,25,2024-03-15 12:07:26.317732,taker
C-BTC-67800-160324,1089.00000000,25,2024-03-15 12:13:59.380113,taker
P-BTC-68500-050424,4494.00000000,25,2024-03-15 12:14:01.991812,taker
C-BTC-67600-160324,1300.00000000,26,2024-03-15 12:24:31.996718,taker
C-BTC-66000-160324,2484.00000000,25,2024-03-15 12:27:31.318554,taker
P-BTC-69000-050424,4610.00000000,25,2024-03-15 12:27:33.878847,taker
C-BTC-66800-160324,1836.00000000,25,2024-03-15 12:30:15.257652,taker
P-BTC-68000-050424,4133.00000000,25,2024-03-15 12:30:18.055228,taker
C-BTC-68600-160324,926.00000000,25,2024-03-15 12:34:14.080875,taker
P-BTC-72000-050424,6152.00000000,25,2024-03-15 12:34:17.198433,taker
C-BTC-68400-180324,1545.00000000,25,2024-03-15 12:40:27.610586,taker
P-BTC-71000-050424,5701.00000000,25,2024-03-15 12:40:31.692998,taker
C-BTC-68800-160324,735.00000000,25,2024-03-15 12:41:11.372048,taker
P-BTC-70000-050424,5182.00000000,25,2024-03-15 12:41:14.762255,taker
C-BTC-67800-160324,1407.90000000,25,2024-03-15 13:06:31.328012,taker
C-BTC-67800-160324,1423.00000000,25,2024-03-15 13:07:20.799204,taker
P-BTC-73000-050424,6597.00000000,25,2024-03-15 13:07:25.423009,taker
C-BTC-67600-180324,2094.00000000,25,2024-03-15 13:09:04.727956,taker
P-BTC-66000-050424,3234.00000000,25,2024-03-15 13:09:09.114648,taker
P-BTC-64000-160324,234.00000000,1,2024-03-15 13:09:30.781719,taker
C-BTC-72000-160324,110.00000000,100,2024-03-15 13:15:32.437329,maker
C-BTC-77000-290324,1182.00000000,1,2024-03-15 13:35:02.510497,maker
P-BTC-64800-160324,214.00000000,1,2024-03-15 13:40:03.445311,maker
C-BTC-70000-160324,470.00000000,100,2024-03-15 13:40:17.403145,taker
C-BTC-72000-160324,119.00000000,100,2024-03-15 13:40:52.496519,maker
C-BTC-67400-160324,1730.30000000,25,2024-03-15 13:51:49.233407,taker
C-BTC-68800-160324,964.60000000,25,2024-03-15 13:53:01.935510,taker
C-BTC-69800-160324,588.00000000,1,2024-03-15 13:59:24.220258,taker
C-BTC-77000-290324,1495.00000000,1,2024-03-15 15:14:43.334429,taker
C-BTC-68800-160324,795.00000000,25,2024-03-15 15:16:08.823600,taker
C-BTC-71200-180324,636.00000000,25,2024-03-15 15:19:09.962246,taker
P-BTC-64000-160324,105.00000000,1,2024-03-15 15:38:02.416501,taker
P-BTC-64800-160324,147.00000000,1,2024-03-15 15:38:11.805047,taker
C-BTC-74800-160324,7.00000000,3,2024-03-15 15:41:26.652286,maker
C-BTC-72000-160324,56.00000000,100,2024-03-15 16:01:48.958366,taker
P-BTC-67800-160324,843.80000000,10,2024-03-15 16:06:20.514954,maker
P-BTC-67800-160324,820.00000000,10,2024-03-15 16:09:14.367673,taker
P-BTC-68000-160324,791.00000000,1,2024-03-15 16:33:27.243135,maker
P-BTC-68000-160324,608.00000000,1,2024-03-15 16:41:53.290365,taker
P-BTC-68200-160324,760.00000000,1,2024-03-15 16:53:34.413636,taker
P-BTC-68200-160324,847.00000000,1,2024-03-15 17:01:07.160213,taker
C-BTC-67800-160324,690.00000000,1,2024-03-15 17:04:51.595859,maker
C-BTC-67800-160324,760.00000000,1,2024-03-15 17:05:57.825353,taker
C-BTC-67800-160324,741.00000000,1,2024-03-15 17:06:08.113051,taker
C-BTC-67800-160324,698.00000000,1,2024-03-15 17:06:30.220445,maker
P-BTC-68000-160324,825.00000000,1,2024-03-15 17:07:43.362874,maker
C-BTC-67800-160324,744.00000000,1,2024-03-15 17:08:32.090546,taker
C-BTC-67800-160324,785.00000000,1,2024-03-15 17:16:27.386775,maker
C-BTC-68400-160324,599.00000000,40,2024-03-15 17:20:57.273371,taker
C-BTC-68200-160324,653.00000000,40,2024-03-15 17:20:57.273727,maker
C-BTC-77000-220324,435.00000000,100,2024-03-15 17:50:42.043619,taker
P-BTC-68000-160324,505.00000000,1,2024-03-15 18:03:37.442089,taker
C-BTC-74800-160324,9.00000000,3,2024-03-15 18:30:19.679471,taker
C-BTC-66800-160324,2406.30000000,25,2024-03-15 18:43:10.750001,taker
C-BTC-67400-160324,1900.70000000,25,2024-03-15 18:43:13.411536,taker
C-BTC-67600-160324,1795.30000000,13,2024-03-15 18:43:28.059911,taker
C-BTC-67600-160324,1795.30000000,12,2024-03-15 18:43:47.372379,taker
C-BTC-66000-160324,3309.80000000,25,2024-03-15 18:43:52.789080,taker
C-BTC-69200-180324,1513.00000000,25,2024-03-15 18:44:16.362846,taker
C-BTC-68400-180324,2004.70000000,25,2024-03-15 18:45:30.003908,taker
C-BTC-67800-170324,2176.30000000,25,2024-03-15 18:45:30.369059,taker
C-BTC-67200-160324,2278.90000000,25,2024-03-15 18:46:18.284117,taker
C-BTC-68000-160324,1602.90000000,25,2024-03-15 18:46:47.112256,taker
C-BTC-68800-160324,1030.90000000,25,2024-03-15 18:46:47.180052,taker
C-BTC-68600-160324,1203.80000000,25,2024-03-15 18:46:52.767619,taker
C-BTC-69600-160324,628.00000000,1,2024-03-15 18:47:04.327122,maker
C-BTC-69000-180324,1753.00000000,25,2024-03-15 18:48:01.613740,taker
P-BTC-74000-050424,6387.00000000,25,2024-03-15 18:48:07.493446,taker
C-BTC-76400-160324,1.00000000,1,2024-03-15 18:48:13.618599,maker
C-BTC-67800-160324,1844.70000000,25,2024-03-15 18:48:19.741372,taker
C-BTC-67600-180324,2687.10000000,25,2024-03-15 18:48:23.445186,taker
C-BTC-71200-180324,835.90000000,25,2024-03-15 18:48:33.571200,taker
C-BTC-68400-160324,1457.30000000,25,2024-03-15 18:48:33.585501,taker
C-BTC-69400-180324,1659.00000000,25,2024-03-15 18:49:48.258588,taker
P-BTC-75000-050424,6939.00000000,25,2024-03-15 18:49:53.251870,taker
C-BTC-68200-160324,1809.70000000,25,2024-03-15 18:51:17.275093,taker
C-BTC-73600-170324,103.00000000,400,2024-03-15 18:53:18.493386,taker
C-BTC-67600-160324,2595.00000000,13,2024-03-15 18:53:24.188451,taker
C-BTC-69000-180324,2054.00000000,25,2024-03-15 18:53:39.017496,taker
C-BTC-70000-180324,1584.00000000,25,2024-03-15 18:53:42.422859,taker
P-BTC-67500-050424,2963.00000000,25,2024-03-15 18:53:46.971592,taker
C-BTC-69400-160324,1124.50000000,25,2024-03-15 18:53:53.788248,taker
C-BTC-69200-180324,1992.90000000,25,2024-03-15 18:53:59.166489,taker
C-BTC-68800-180324,2255.50000000,25,2024-03-15 18:53:59.514648,taker
C-BTC-69000-180324,2234.80000000,25,2024-03-15 18:54:52.647023,taker
C-BTC-69000-160324,1562.70000000,25,2024-03-15 18:54:53.045399,taker
C-BTC-75200-160324,31.00000000,300,2024-03-15 18:55:49.154435,maker
C-BTC-73600-170324,144.00000000,200,2024-03-15 18:56:21.087230,taker
C-BTC-69600-160324,1234.00000000,1,2024-03-15 18:56:52.666412,maker
C-BTC-70400-160324,671.00000000,25,2024-03-15 18:57:11.029886,taker
P-BTC-67600-160324,78.00000000,25,2024-03-15 18:57:15.432180,taker
C-BTC-69400-180324,2134.60000000,25,2024-03-15 19:00:56.733291,taker
P-BTC-67600-160324,100.20000000,25,2024-03-15 19:10:40.325070,taker
P-BTC-70000-160324,599.00000000,10,2024-03-15 19:16:13.974906,taker
C-BTC-70000-160324,717.00000000,25,2024-03-15 19:23:26.485507,taker
P-BTC-70500-050424,4335.00000000,25,2024-03-15 19:23:31.864165,taker
C-BTC-75200-160324,16.00000000,300,2024-03-15 19:25:00.534092,taker
C-BTC-70000-170324,1104.00000000,25,2024-03-15 19:39:08.958989,taker
P-BTC-67000-050424,2935.00000000,25,2024-03-15 19:39:13.435501,taker
P-BTC-70000-160324,1200.00000000,10,2024-03-15 19:48:37.514692,taker
P-BTC-64800-160324,51.00000000,7,2024-03-15 20:00:55.098723,maker
C-BTC-68800-160324,728.00000000,4,2024-03-15 20:03:49.205126,taker
C-BTC-68000-160324,966.00000000,25,2024-03-15 20:07:47.964984,taker
P-BTC-71500-050424,5671.00000000,25,2024-03-15 20:07:54.626555,taker
C-BTC-67600-160324,907.00000000,25,2024-03-15 20:10:45.860472,taker
P-BTC-64400-180324,484.00000000,25,2024-03-15 20:10:50.233218,taker
C-BTC-67600-160324,1155.70000000,25,2024-03-15 20:24:26.127926,taker
C-BTC-75000-260424,5235.00000000,11,2024-03-15 20:34:16.005362,taker
C-BTC-68200-160324,576.00000000,25,2024-03-15 20:41:11.209490,taker
P-BTC-69500-050424,4726.00000000,25,2024-03-15 20:41:16.128267,taker
C-BTC-75000-260424,5256.00000000,11,2024-03-15 21:21:53.286734,taker
C-BTC-68400-160324,580.00000000,25,2024-03-15 21:23:16.400558,taker
P-BTC-67000-160324,188.00000000,25,2024-03-15 21:23:21.216489,taker
P-BTC-67000-160324,244.40000000,25,2024-03-15 21:30:04.084881,taker
C-BTC-67800-160324,736.00000000,25,2024-03-15 21:31:43.150491,taker
P-BTC-67000-160324,226.00000000,25,2024-03-15 21:31:47.965814,taker
P-BTC-64800-160324,30.00000000,7,2024-03-15 22:14:20.777258,maker
C-BTC-68600-160324,453.00000000,25,2024-03-15 22:27:26.276005,taker
P-BTC-70500-220324,3616.00000000,25,2024-03-15 22:27:35.122169,taker
C-BTC-67800-160324,963.40000000,25,2024-03-15 22:38:14.312970,taker
C-BTC-68200-160324,741.00000000,25,2024-03-15 22:38:58.322551,taker
C-BTC-68600-160324,586.40000000,25,2024-03-15 22:40:39.246514,taker
C-BTC-68400-160324,755.40000000,25,2024-03-15 22:44:31.582549,taker
C-BTC-72800-180324,366.00000000,25,2024-03-15 22:44:53.814558,taker
P-BTC-66000-170324,210.00000000,25,2024-03-15 22:44:58.901582,taker
C-BTC-73600-180324,293.00000000,25,2024-03-15 22:57:10.278979,taker
P-BTC-69400-160324,620.00000000,38,2024-03-15 22:58:53.966675,taker
C-BTC-68400-160324,943.00000000,25,2024-03-15 22:58:55.020089,taker
P-BTC-66400-160324,43.00000000,25,2024-03-15 22:58:59.909763,taker
P-BTC-66400-160324,39.00000000,25,2024-03-15 23:01:23.552906,taker
C-BTC-68600-160324,645.00000000,25,2024-03-15 23:01:35.641112,maker
P-BTC-69000-160324,542.00000000,20,2024-03-15 23:02:40.570256,taker
P-BTC-69000-160324,442.00000000,20,2024-03-15 23:12:24.158739,maker
C-BTC-68000-160324,1285.70000000,25,2024-03-15 23:26:10.338242,taker
C-BTC-68800-160324,799.00000000,4,2024-03-15 23:29:19.745246,taker
C-BTC-68400-160324,1251.90000000,25,2024-03-15 23:36:51.568459,taker
C-BTC-72800-180324,475.80000000,25,2024-03-15 23:37:15.968696,taker
C-BTC-73600-180324,379.60000000,25,2024-03-16 00:06:30.034561,taker
P-BTC-69400-160324,353.00000000,38,2024-03-16 00:58:12.974538,taker
C-BTC-73600-180324,360.00000000,25,2024-03-16 00:58:16.419779,taker
P-BTC-72000-220324,3880.00000000,25,2024-03-16 00:58:21.226357,taker
C-BTC-70000-160324,366.00000000,15,2024-03-16 01:09:24.357805,maker
P-BTC-69800-160324,360.00000000,25,2024-03-16 01:10:17.921453,taker
C-BTC-70000-160324,300.00000000,25,2024-03-16 01:16:23.312716,taker
P-BTC-69800-160324,375.00000000,15,2024-03-16 01:17:16.597871,maker
C-BTC-69000-170324,1464.00000000,25,2024-03-16 01:19:07.291598,taker
P-BTC-68800-160324,124.00000000,1,2024-03-16 03:15:27.503768,maker
P-BTC-68800-160324,201.00000000,1,2024-03-16 04:05:28.108059,maker
C-BTC-76400-160324,2.00000000,1,2024-03-16 04:13:57.333302,taker
P-BTC-69000-160324,284.00000000,5,2024-03-16 05:59:59.270810,maker
C-BTC-69000-160324,287.00000000,5,2024-03-16 05:59:59.271127,maker
C-BTC-72000-170324,90.00000000,100,2024-03-16 06:07:26.937817,taker
C-BTC-69400-160324,142.00000000,10,2024-03-16 06:09:05.947016,taker
C-BTC-69400-160324,186.00000000,10.000000000000000000,2024-03-16 06:13:09.101310,maker
C-BTC-69000-160324,341.00000000,1,2024-03-16 06:28:24.931173,taker
P-BTC-68800-160324,162.00000000,1,2024-03-16 06:31:17.764141,maker
P-BTC-68800-160324,176.00000000,1,2024-03-16 06:37:26.028736,maker
P-BTC-68400-160324,36.00000000,60,2024-03-16 06:47:29.247918,maker
P-BTC-68600-160324,61.00000000,200,2024-03-16 06:57:00.605010,taker
C-BTC-69000-160324,369.00000000,28,2024-03-16 07:02:49.796349,taker
P-BTC-68800-160324,112.00000000,3,2024-03-16 07:18:32.180370,maker
C-BTC-68200-160324,1166.00000000,40,2024-03-16 07:25:39.994816,taker
C-BTC-68400-160324,966.00000000,40,2024-03-16 07:36:01.665465,maker
P-BTC-69000-160324,75.00000000,20,2024-03-16 07:41:59.616437,maker
C-BTC-71800-170324,108.00000000,1,2024-03-16 07:56:09.705463,maker
P-BTC-66000-170324,93.00000000,1,2024-03-16 07:56:09.705821,maker
P-BTC-68600-160324,42.00000000,200,2024-03-16 08:47:46.774840,taker
C-BTC-69400-160324,71.00000000,20,2024-03-16 08:50:24.889670,maker
P-BTC-69000-160324,186.00000000,20,2024-03-16 08:55:40.539800,taker
P-BTC-69800-160324,850.00000000,40,2024-03-16 08:58:30.397039,taker
C-BTC-68600-160324,479.00000000,15,2024-03-16 08:59:19.389540,maker
C-BTC-70000-160324,8.00000000,40,2024-03-16 08:59:34.534812,taker
C-BTC-68800-160324,310.00000000,25,2024-03-16 09:02:05.010495,taker
P-BTC-68600-160324,37.00000000,500,2024-03-16 09:15:07.947424,taker
C-BTC-69400-160324,54.00000000,90,2024-03-16 09:32:04.079436,maker
C-BTC-69000-160324,207.00000000,28,2024-03-16 09:42:36.853726,maker
C-BTC-69000-160324,106.00000000,1,2024-03-16 09:46:07.239958,maker
P-BTC-68800-160324,75.00000000,2,2024-03-16 09:58:37.441908,taker
P-BTC-68800-160324,125.00000000,2,2024-03-16 10:02:38.004374,taker
P-BTC-68800-160324,137.00000000,10,2024-03-16 10:08:43.730362,taker
P-BTC-68400-160324,47.00000000,60,2024-03-16 10:10:06.729117,taker
C-BTC-68200-160324,350.00000000,187,2024-03-16 10:20:10.463198,maker
P-BTC-68800-160324,319.00000000,10,2024-03-16 10:20:11.137881,taker
C-BTC-68200-160324,267.00000000,25,2024-03-16 10:20:29.014134,taker
C-BTC-68200-160324,302.00000000,187,2024-03-16 10:20:40.533185,maker
C-BTC-68200-160324,365.30000000,25,2024-03-16 10:21:06.167719,taker
P-BTC-68600-160324,175.00000000,3,2024-03-16 10:21:39.293698,maker
P-BTC-68600-160324,187.00000000,3,2024-03-16 10:22:13.792597,taker
C-BTC-69000-160324,22.00000000,5,2024-03-16 10:22:21.034912,taker
C-BTC-68400-160324,190.00000000,25,2024-03-16 10:26:50.379406,taker
P-BTC-68800-160324,312.00000000,5,2024-03-16 10:27:34.587258,taker
C-BTC-68400-160324,286.00000000,25,2024-03-16 10:41:08.792312,taker
P-BTC-63600-180324,99.00000000,200,2024-03-16 10:45:34.912032,taker
C-BTC-73600-180324,92.00000000,200,2024-03-16 10:46:06.682459,taker
C-BTC-68600-160324,100.00000000,25,2024-03-16 10:48:51.526828,taker
P-BTC-69400-180324,1547.00000000,25,2024-03-16 10:48:58.012985,taker
C-BTC-72400-180324,179.00000000,25,2024-03-16 10:52:19.199158,taker
C-BTC-69400-160324,2.00000000,90,2024-03-16 10:55:06.353749,taker
C-BTC-68400-160324,141.00000000,25,2024-03-16 11:07:40.910979,taker
C-BTC-69400-170324,285.00000000,25,2024-03-16 11:13:05.917336,taker
P-BTC-69000-160324,738.00000000,5,2024-03-16 11:13:32.422749,taker
C-BTC-68600-160324,4.00000000,15,2024-03-16 11:15:42.113423,taker
C-BTC-70600-170324,101.00000000,1,2024-03-16 11:16:56.223623,maker
C-BTC-68200-160324,208.00000000,25,2024-03-16 11:18:28.933969,taker
P-BTC-68200-160324,60.00000000,10,2024-03-16 11:21:05.442155,maker
C-BTC-68800-160324,2.00000000,25,2024-03-16 11:25:10.966932,taker
P-BTC-68200-160324,190.00000000,10,2024-03-16 11:25:18.525895,taker
P-BTC-68800-160324,687.00000000,5,2024-03-16 11:25:54.397986,maker
C-BTC-68000-160324,30.00000000,25,2024-03-16 11:28:52.711057,taker
P-BTC-67000-180324,705.00000000,25,2024-03-16 11:29:03.225411,taker
P-BTC-68800-160324,844.00000000,2,2024-03-16 11:29:59.125627,maker
P-BTC-68800-160324,1047.00000000,2,2024-03-16 11:30:30.597909,taker
C-BTC-68000-170324,673.00000000,25,2024-03-16 11:30:31.210550,taker
P-BTC-68600-160324,795.00000000,239,2024-03-16 11:30:33.418368,taker
P-BTC-62000-050424,1750.00000000,25,2024-03-16 11:30:40.492524,taker
P-BTC-69400-180324,1987.70000000,25,2024-03-16 11:31:34.378545,taker
P-BTC-68800-160324,1000.00000000,3,2024-03-16 11:32:02.986825,taker
P-BTC-68800-160324,789.00000000,3,2024-03-16 11:33:13.939002,taker
C-BTC-68000-160324,54.60000000,25,2024-03-16 11:33:43.491674,taker
P-BTC-68000-160324,34.00000000,1,2024-03-16 11:33:56.937536,maker
P-BTC-68800-160324,734.00000000,3,2024-03-16 11:33:57.334708,maker
C-BTC-68200-160324,22.00000000,1,2024-03-16 11:40:52.403361,maker
P-BTC-68200-160324,29.00000000,1,2024-03-16 11:41:37.878114,maker
C-BTC-68000-170324,917.90000000,25,2024-03-16 11:41:44.589295,taker
P-BTC-68200-160324,10.00000000,9,2024-03-16 11:42:51.702782,maker
C-BTC-72200-170324,49.00000000,25,2024-03-16 11:43:07.977512,taker
P-BTC-63000-050424,1893.00000000,25,2024-03-16 11:43:15.655190,taker
P-BTC-68200-160324,15.00000000,80,2024-03-16 11:43:26.667086,maker
P-BTC-68200-160324,12.00000000,100,2024-03-16 11:44:14.913586,maker
P-BTC-68200-160324,20.00000000,10,2024-03-16 11:44:56.854044,maker
P-BTC-68200-160324,19.00000000,50,2024-03-16 11:45:52.172965,maker
P-BTC-68200-160324,19.00000000,100,2024-03-16 11:46:26.661483,maker
P-BTC-68200-160324,16.00000000,100,2024-03-16 11:46:36.693262,maker
P-BTC-68200-160324,10.00000000,1000,2024-03-16 11:46:56.598963,maker
P-BTC-68800-160324,542.00000000,3,2024-03-16 11:47:01.442886,taker
P-BTC-68200-160324,5.00000000,1000,2024-03-16 11:48:05.193981,maker
P-BTC-68200-160324,6.00000000,500,2024-03-16 11:48:31.140674,maker
P-BTC-64400-160324,0.10000000,100,2024-03-16 11:49:47.441946,maker
P-BTC-67800-160324,0.10000000,450,2024-03-16 11:59:05.554498,maker
P-BTC-67800-160324,0.10000000,10,2024-03-16 11:59:30.314180,maker
P-BTC-67800-160324,0.10000000,100,2024-03-16 11:59:46.335707,maker
P-BTC-67800-160324,0.10000000,100,2024-03-16 11:59:52.065983,maker
P-BTC-68800-160324,549.41724138,1,2024-03-16 12:00:00.125583,taker
P-BTC-68600-160324,349.41724138,261,2024-03-16 12:00:00.144436,taker
C-BTC-68200-160324,50.58275862,1,2024-03-16 12:00:00.316582,taker
C-BTC-67400-160324,850.58275862,25,2024-03-16 12:00:02.252301,taker
C-BTC-68200-160324,50.58275862,24,2024-03-16 12:00:04.339641,taker
C-BTC-74000-180324,67.00000000,25,2024-03-16 12:00:15.907506,taker
P-BTC-69800-180324,1982.00000000,25,2024-03-16 12:00:22.743323,taker
C-BTC-74000-180324,57.00000000,25,2024-03-16 12:00:28.434882,maker
C-BTC-68000-170324,824.00000000,3,2024-03-16 12:02:05.295748,taker
C-BTC-68000-170324,1002.00000000,1,2024-03-16 12:22:15.091842,maker
P-BTC-68600-170324,725.00000000,25,2024-03-16 12:26:10.565026,taker
P-BTC-68600-170324,725.00000000,25,2024-03-16 12:26:10.565115,taker
C-BTC-85000-050424,875.00000000,300,2024-03-16 12:30:45.751278,taker
C-BTC-68000-170324,909.00000000,1,2024-03-16 12:30:47.160945,maker
C-BTC-72600-170324,15.00000000,25,2024-03-16 12:36:30.591288,taker
C-BTC-70000-170324,110.00000000,15,2024-03-16 12:41:13.975653,maker
P-BTC-65600-170324,108.00000000,15,2024-03-16 12:41:51.066997,maker
C-BTC-70400-170324,68.00000000,100,2024-03-16 12:41:52.257433,taker
C-BTC-69000-170324,254.00000000,20,2024-03-16 12:51:31.214583,taker
C-BTC-69800-170324,133.00000000,25,2024-03-16 13:00:18.886820,taker
P-BTC-65200-180324,299.00000000,25,2024-03-16 13:00:24.647495,taker
C-BTC-70400-170324,120.00000000,100,2024-03-16 13:17:21.318863,taker
P-BTC-65600-170324,89.00000000,10,2024-03-16 13:20:58.688303,taker
C-BTC-70200-170324,89.00000000,10,2024-03-16 13:22:24.105679,taker
C-BTC-71600-170324,31.00000000,25,2024-03-16 13:23:17.044453,taker
C-BTC-70200-170324,119.00000000,10,2024-03-16 13:26:21.452766,taker
C-BTC-69000-170324,265.00000000,2,2024-03-16 13:28:37.046500,maker
C-BTC-68600-170324,433.00000000,30,2024-03-16 13:28:38.904381,taker
C-BTC-68000-170324,769.00000000,3,2024-03-16 13:28:45.411336,taker
C-BTC-69000-170324,277.00000000,2,2024-03-16 13:29:56.397191,maker
P-BTC-67800-170324,594.00000000,29,2024-03-16 13:43:57.826679,taker
P-BTC-65600-170324,125.00000000,10,2024-03-16 13:45:41.498729,taker
P-BTC-68600-170324,1092.00000000,50,2024-03-16 13:47:46.421707,taker
C-BTC-68000-170324,690.00000000,3,2024-03-16 13:48:18.259435,taker
P-BTC-68600-170324,1000.00000000,25,2024-03-16 13:52:16.961983,taker
C-BTC-68000-190324,1504.00000000,25,2024-03-16 13:53:00.276545,taker
C-BTC-69000-170324,229.00000000,4,2024-03-16 13:55:57.233073,taker
C-BTC-67800-170324,686.00000000,5,2024-03-16 14:00:06.229288,taker
C-BTC-67800-170324,630.00000000,5,2024-03-16 14:01:01.397082,maker
C-BTC-67800-170324,659.00000000,4,2024-03-16 14:01:21.638045,maker
P-BTC-69800-180324,2405.00000000,25,2024-03-16 14:04:47.333691,taker
C-BTC-69200-170324,118.00000000,20,2024-03-16 14:06:16.501586,maker
C-BTC-69200-170324,146.00000000,20,2024-03-16 14:07:21.242918,taker
C-BTC-67800-170324,742.00000000,4,2024-03-16 14:09:39.521780,taker
C-BTC-67800-170324,871.00000000,3,2024-03-16 14:11:12.601650,taker
C-BTC-68000-170324,636.00000000,10,2024-03-16 14:27:14.381279,taker
C-BTC-69000-170324,219.00000000,10,2024-03-16 14:27:23.821116,maker
P-BTC-65600-170324,73.00000000,73,2024-03-16 14:36:59.351556,maker
P-BTC-67800-170324,629.00000000,2,2024-03-16 14:40:23.446878,taker
P-BTC-67800-170324,531.00000000,2,2024-03-16 14:43:27.575111,maker
C-BTC-67800-170324,803.00000000,2,2024-03-16 14:44:05.515955,taker
C-BTC-68000-170324,653.00000000,1,2024-03-16 14:44:42.219765,taker
C-BTC-68000-170324,675.00000000,10,2024-03-16 14:46:34.091205,maker
C-BTC-67800-170324,716.00000000,2,2024-03-16 14:49:41.037678,maker
P-BTC-67800-170324,570.00000000,2,2024-03-16 14:50:24.067251,taker
C-BTC-67800-170324,749.00000000,2,2024-03-16 14:52:33.992770,taker
C-BTC-71000-170324,41.00000000,100,2024-03-16 14:53:11.109859,taker
C-BTC-69800-170324,90.00000000,100,2024-03-16 14:53:11.110211,maker
P-BTC-66000-170324,94.00000000,100,2024-03-16 14:53:11.110741,maker
P-BTC-64800-170324,33.00000000,100,2024-03-16 14:53:11.110987,taker
P-BTC-67800-170324,469.00000000,2,2024-03-16 14:57:06.022875,maker
C-BTC-68000-170324,769.00000000,1,2024-03-16 14:59:54.723924,taker
C-BTC-67800-170324,807.00000000,2,2024-03-16 15:01:20.354394,maker
P-BTC-67800-170324,467.00000000,29,2024-03-16 15:03:48.658698,taker
C-BTC-69000-170324,181.00000000,20,2024-03-16 15:07:17.706602,maker
C-BTC-68000-180324,1034.00000000,25,2024-03-16 15:11:17.867937,taker
C-BTC-69000-170324,226.00000000,20,2024-03-16 15:12:21.145473,taker
P-BTC-66800-170324,205.00000000,20,2024-03-16 15:16:55.223160,taker
C-BTC-67400-170324,1005.00000000,10,2024-03-16 15:19:05.578084,maker
C-BTC-68000-170324,697.00000000,10,2024-03-16 15:30:41.163261,taker
C-BTC-69000-170324,217.00000000,10,2024-03-16 15:30:41.166051,maker
P-BTC-66800-170324,188.00000000,20,2024-03-16 15:35:00.763451,taker
C-BTC-73600-170324,6.00000000,600,2024-03-16 15:47:40.631529,taker
C-BTC-73600-180324,61.00000000,300,2024-03-16 15:49:11.184475,maker
P-BTC-63600-180324,83.00000000,300,2024-03-16 15:50:10.968124,taker
C-BTC-67800-170324,976.00000000,10,2024-03-16 15:53:12.243338,maker
C-BTC-69000-170324,298.00000000,50,2024-03-16 15:59:59.755505,maker
C-BTC-69000-170324,248.00000000,50,2024-03-16 16:15:39.944019,maker
C-BTC-68200-170324,649.00000000,10,2024-03-16 16:30:17.404749,taker
C-BTC-68200-170324,680.00000000,10,2024-03-16 16:41:07.769733,maker
C-BTC-68000-170324,752.00000000,15,2024-03-16 16:49:31.234388,maker
C-BTC-68000-170324,748.00000000,15,2024-03-16 16:50:03.686125,taker
C-BTC-68000-170324,719.00000000,15,2024-03-16 16:50:42.797427,taker
C-BTC-68200-170324,577.00000000,10,2024-03-16 16:50:45.512672,maker
C-BTC-68000-170324,716.00000000,30,2024-03-16 16:53:41.073819,maker
P-BTC-65200-170324,31.00000000,100,2024-03-16 17:01:26.241924,maker
C-BTC-69600-170324,140.00000000,10,2024-03-16 17:04:13.618171,taker
P-BTC-68200-170324,514.00000000,10,2024-03-16 17:04:13.618588,maker
C-BTC-68200-170324,597.00000000,11,2024-03-16 17:04:13.618704,maker
P-BTC-66600-170324,139.00000000,10,2024-03-16 17:04:13.618966,taker
C-BTC-69600-170324,142.00000000,10,2024-03-16 17:04:39.514222,taker
P-BTC-68200-170324,510.00000000,10,2024-03-16 17:04:39.514609,maker
C-BTC-68200-170324,603.00000000,11,2024-03-16 17:04:39.514833,maker
P-BTC-66600-170324,137.00000000,10,2024-03-16 17:04:39.515185,taker
P-BTC-65200-170324,42.00000000,100,2024-03-16 17:08:43.230013,taker
C-BTC-68000-170324,654.00000000,45,2024-03-16 17:14:22.819756,maker
C-BTC-59000-260424,12534.00000000,15,2024-03-16 17:26:57.210777,maker
C-BTC-59000-260424,12593.00000000,2,2024-03-16 17:33:51.278114,maker
C-BTC-59000-260424,12565.00000000,2,2024-03-16 17:34:27.567794,maker
C-BTC-67400-170324,887.00000000,10,2024-03-16 17:42:23.941692,taker
C-BTC-67800-170324,629.00000000,10,2024-03-16 17:42:23.944579,taker
C-BTC-68600-170324,269.00000000,30,2024-03-16 17:42:45.278262,taker
C-BTC-71800-170324,14.00000000,1,2024-03-16 17:43:16.244358,taker
C-BTC-67000-260424,7505.00000000,10,2024-03-16 17:44:10.798282,maker
C-BTC-68000-170324,447.50000000,30,2024-03-16 17:44:22.040040,maker
C-BTC-67800-170324,493.00000000,3,2024-03-16 17:45:01.418401,maker
C-BTC-72000-190324,232.00000000,25,2024-03-16 17:47:04.070020,taker
C-BTC-68800-170324,133.00000000,1,2024-03-16 17:47:09.342174,maker
C-BTC-67800-170324,470.00000000,2,2024-03-16 17:47:09.730136,maker
C-BTC-68200-170324,319.00000000,40,2024-03-16 17:49:53.481433,maker
C-BTC-67000-260424,7472.00000000,10,2024-03-16 17:53:19.327131,maker
P-BTC-71500-220324,4589.00000000,25,2024-03-16 17:55:50.004502,taker
C-BTC-68000-170324,374.00000000,25,2024-03-16 17:56:57.298253,taker
P-BTC-68000-170324,884.00000000,25,2024-03-16 17:57:05.132494,taker
C-BTC-70000-170324,51.00000000,15,2024-03-16 17:58:37.828002,maker
P-BTC-72000-220324,5029.70000000,25,2024-03-16 17:59:42.834545,taker
C-BTC-68200-170324,249.00000000,40,2024-03-16 18:03:08.854980,taker
P-BTC-68600-170324,1515.00000000,25,2024-03-16 18:04:15.017133,taker
P-BTC-65600-170324,130.00000000,10,2024-03-16 18:04:50.263174,taker
P-BTC-67000-180324,906.10000000,25,2024-03-16 18:07:40.254933,taker
C-BTC-67800-170324,311.00000000,25,2024-03-16 18:07:54.966475,taker
P-BTC-67000-180324,975.00000000,25,2024-03-16 18:08:03.630011,taker
C-BTC-68600-170324,117.00000000,25,2024-03-16 18:09:35.952627,taker
P-BTC-63600-170324,28.00000000,25,2024-03-16 18:09:44.522448,taker
P-BTC-65200-180324,383.50000000,25,2024-03-16 18:11:10.078909,taker
C-BTC-69000-170324,58.00000000,20,2024-03-16 18:11:46.882006,taker
P-BTC-66000-170324,273.00000000,25,2024-03-16 18:11:47.702334,taker
P-BTC-68000-170324,1277.90000000,25,2024-03-16 18:12:02.168056,taker
P-BTC-71500-220324,4950.50000000,25,2024-03-16 18:12:04.055643,taker
C-BTC-67000-260424,7295.00000000,20,2024-03-16 18:12:44.958869,taker
C-BTC-59000-260424,12209.00000000,19,2024-03-16 18:12:44.958881,taker
C-BTC-67000-180324,991.00000000,25,2024-03-16 18:13:02.413199,taker
P-BTC-66600-170324,541.00000000,25,2024-03-16 18:13:10.808512,taker
P-BTC-68600-190324,2320.50000000,25,2024-03-16 18:13:11.562331,taker
P-BTC-68200-170324,1632.00000000,20,2024-03-16 18:13:56.546966,taker
C-BTC-68600-170324,153.40000000,25,2024-03-16 18:15:16.155435,taker
C-BTC-67800-170324,403.00000000,25,2024-03-16 18:15:20.085391,taker
C-BTC-67000-290324,3847.00000000,100,2024-03-16 18:16:01.551201,maker
C-BTC-67400-180324,985.00000000,25,2024-03-16 18:16:24.503374,taker
P-BTC-67800-190324,1590.00000000,25,2024-03-16 18:16:32.535705,taker
C-BTC-67400-190324,1338.00000000,25,2024-03-16 18:19:31.050761,taker
C-BTC-69000-170324,75.00000000,10,2024-03-16 18:19:35.702816,taker
P-BTC-64800-170324,66.00000000,25,2024-03-16 18:19:39.141641,taker
C-BTC-69000-170324,113.00000000,10,2024-03-16 18:31:24.609596,taker
C-BTC-66600-180324,1244.00000000,25,2024-03-16 18:42:08.107836,taker
P-BTC-68200-180324,1838.00000000,25,2024-03-16 18:42:16.213121,taker
C-BTC-68200-180324,540.00000000,30,2024-03-16 18:45:01.189782,taker
C-BTC-68200-180324,583.00000000,25,2024-03-16 18:45:01.719536,taker
P-BTC-67000-170324,636.00000000,25,2024-03-16 18:45:12.169559,taker
C-BTC-66800-190324,1542.00000000,25,2024-03-16 18:46:56.365566,taker
P-BTC-65600-190324,810.00000000,25,2024-03-16 18:47:05.668691,taker
C-BTC-66800-180324,1123.00000000,25,2024-03-16 18:49:19.960977,taker
P-BTC-67000-190324,1367.00000000,25,2024-03-16 18:49:29.835710,taker
C-BTC-69000-170324,94.00000000,20,2024-03-16 18:50:05.070985,taker
P-BTC-65600-170324,180.00000000,20,2024-03-16 18:50:05.071459,maker
C-BTC-68200-170324,218.00000000,20,2024-03-16 18:50:05.071821,maker
P-BTC-64400-170324,68.00000000,20,2024-03-16 18:50:05.072105,taker
C-BTC-66400-180324,1378.00000000,25,2024-03-16 18:50:40.902117,taker
P-BTC-66000-170324,315.00000000,25,2024-03-16 18:50:50.973971,taker
C-BTC-69000-220324,1525.00000000,1,2024-03-16 18:51:48.417038,taker
P-BTC-63600-170324,32.50000000,25,2024-03-16 18:52:49.410221,taker
P-BTC-64800-170324,101.40000000,25,2024-03-16 18:54:37.986362,taker
P-BTC-67800-190324,1886.30000000,25,2024-03-16 18:54:42.796483,taker
P-BTC-67500-050424,3868.80000000,25,2024-03-16 18:55:34.589611,taker
P-BTC-68200-170324,1349.00000000,20,2024-03-16 18:59:00.622700,maker
C-BTC-67000-290324,3997.00000000,100,2024-03-16 18:59:28.264969,taker
C-BTC-68200-180324,702.00000000,25,2024-03-16 19:01:10.734371,taker
C-BTC-67000-180324,1257.20000000,25,2024-03-16 19:01:20.661598,taker
C-BTC-68800-170324,192.00000000,25,2024-03-16 19:02:06.152392,taker
P-BTC-66000-180324,526.00000000,25,2024-03-16 19:02:15.852585,taker
C-BTC-68000-170324,427.70000000,25,2024-03-16 19:03:23.316060,taker
C-BTC-72000-190324,282.10000000,25,2024-03-16 19:03:24.537860,taker
C-BTC-69600-170324,114.00000000,25,2024-03-16 19:05:24.920465,taker
P-BTC-68000-170324,1017.00000000,25,2024-03-16 19:05:34.496432,taker
C-BTC-66600-180324,1565.20000000,25,2024-03-16 19:05:36.441085,taker
C-BTC-66800-180324,1462.50000000,25,2024-03-16 19:07:20.379873,taker
C-BTC-67800-170324,580.00000000,2,2024-03-16 19:07:26.225317,taker
C-BTC-72000-190324,309.50000000,25,2024-03-16 19:08:28.610404,taker
P-BTC-65600-170324,115.00000000,6,2024-03-16 19:08:28.685724,maker
C-BTC-66400-180324,1800.50000000,25,2024-03-16 19:08:29.014586,taker
C-BTC-67400-190324,1652.30000000,25,2024-03-16 19:09:39.989020,taker
C-BTC-68200-180324,900.00000000,30,2024-03-16 19:10:06.946899,maker
C-BTC-72600-170324,8.00000000,50,2024-03-16 19:11:44.754507,taker
C-BTC-67400-170324,737.00000000,1,2024-03-16 19:13:15.388255,maker
C-BTC-67800-170324,591.00000000,10,2024-03-16 19:13:38.238572,taker
C-BTC-67400-170324,804.00000000,1,2024-03-16 19:15:19.275226,taker
C-BTC-67400-170324,790.00000000,1,2024-03-16 19:15:30.353892,taker
C-BTC-67800-170324,442.00000000,10,2024-03-16 19:18:54.054685,maker
C-BTC-67200-170324,856.00000000,2,2024-03-16 19:24:57.993999,maker
C-BTC-67200-170324,777.00000000,2,2024-03-16 19:27:00.519177,maker
C-BTC-66800-170324,1098.00000000,25,2024-03-16 19:30:23.348700,taker
P-BTC-64000-050424,2309.00000000,25,2024-03-16 19:30:32.471753,taker
P-BTC-65200-180324,287.00000000,25,2024-03-16 19:34:35.415870,maker
C-BTC-70000-180324,314.00000000,38,2024-03-16 19:36:47.026575,taker
C-BTC-68400-170324,226.00000000,100,2024-03-16 19:45:18.024924,maker
C-BTC-70800-170324,27.00000000,25,2024-03-16 19:45:21.159785,taker
P-BTC-65000-050424,2753.00000000,25,2024-03-16 19:45:30.611729,taker
C-BTC-82000-050424,984.00000000,25,2024-03-16 19:46:11.936851,taker
C-BTC-68400-170324,216.00000000,100,2024-03-16 19:46:17.926027,taker
P-BTC-67500-050424,3795.00000000,25,2024-03-16 19:46:21.536612,taker
C-BTC-67400-170324,485.00000000,25,2024-03-16 19:53:51.345488,taker
P-BTC-64400-170324,75.00000000,25,2024-03-16 19:54:01.052589,taker
C-BTC-66800-180324,1232.00000000,25,2024-03-16 19:55:54.602944,taker
P-BTC-64000-170324,54.00000000,25,2024-03-16 19:56:06.400739,taker
C-BTC-68800-170324,102.00000000,1,2024-03-16 19:59:12.063846,taker
C-BTC-70600-170324,27.00000000,1,2024-03-16 19:59:12.064134,taker
P-BTC-66000-170324,268.00000000,1,2024-03-16 19:59:12.064156,taker
C-BTC-67400-170324,443.00000000,1,2024-03-16 20:02:46.167144,maker
C-BTC-67400-190324,1302.00000000,25,2024-03-16 20:04:11.491592,taker
P-BTC-66500-050424,3472.00000000,25,2024-03-16 20:04:23.689726,taker
P-BTC-68000-170324,1324.70000000,25,2024-03-16 20:05:31.925831,taker
C-BTC-70400-170324,34.00000000,25,2024-03-16 20:18:34.355952,taker
P-BTC-64800-170324,85.00000000,25,2024-03-16 20:18:44.813382,taker
C-BTC-68600-170324,91.00000000,200,2024-03-16 20:23:13.171838,maker
C-BTC-67400-170324,635.70000000,25,2024-03-16 20:36:13.200267,taker
C-BTC-68600-170324,190.00000000,200,2024-03-16 20:36:30.669071,maker
C-BTC-71000-170324,17.00000000,200,2024-03-16 20:40:05.829162,maker
C-BTC-68400-170324,224.00000000,25,2024-03-16 20:48:42.132958,taker
P-BTC-66800-170324,322.00000000,20,2024-03-16 20:51:24.578454,maker
C-BTC-71000-170324,18.00000000,200,2024-03-16 20:58:17.253372,taker
C-BTC-68200-170324,202.00000000,25,2024-03-16 20:59:56.940348,taker
P-BTC-68200-190324,1942.00000000,25,2024-03-16 21:00:09.443916,taker
C-BTC-67000-170324,501.00000000,20,2024-03-16 21:07:38.663289,maker
C-BTC-63600-190324,3884.00000000,25,2024-03-16 21:10:24.004658,taker
P-BTC-67400-190324,1641.00000000,25,2024-03-16 21:10:34.477802,taker
P-BTC-66000-180324,691.60000000,25,2024-03-16 21:19:17.011524,taker
P-BTC-69500-220324,3729.80000000,25,2024-03-16 21:19:17.145458,taker
P-BTC-70000-220324,4070.30000000,25,2024-03-16 21:19:22.118126,taker
P-BTC-70000-220324,4078.20000000,25,2024-03-16 21:19:25.840410,taker
P-BTC-70500-050424,5673.20000000,25,2024-03-16 21:19:26.322858,taker
P-BTC-67000-180324,1178.00000000,25,2024-03-16 21:19:28.121737,taker
P-BTC-70000-220324,4112.00000000,25,2024-03-16 21:19:28.138700,taker
C-BTC-68600-170324,68.00000000,25,2024-03-16 21:19:53.313047,taker
P-BTC-67000-050424,3807.80000000,25,2024-03-16 21:20:45.185525,taker
P-BTC-67800-190324,2069.60000000,25,2024-03-16 21:20:52.381329,taker
P-BTC-70000-220324,4182.10000000,25,2024-03-16 21:20:52.427459,taker
P-BTC-70000-220324,4182.10000000,25,2024-03-16 21:20:52.427543,taker
P-BTC-67000-170324,877.50000000,25,2024-03-16 21:20:53.684861,taker
P-BTC-65600-170324,270.00000000,19,2024-03-16 21:20:56.919672,maker
P-BTC-66000-170324,392.60000000,25,2024-03-16 21:20:58.431345,taker
P-BTC-66600-170324,696.90000000,25,2024-03-16 21:20:58.438361,taker
P-BTC-65600-190324,1029.70000000,25,2024-03-16 21:20:58.460167,taker
P-BTC-64800-170324,111.80000000,25,2024-03-16 21:20:58.472833,taker
P-BTC-70500-220324,4690.50000000,25,2024-03-16 21:21:02.072074,taker
C-BTC-68000-170324,125.00000000,25,2024-03-16 21:21:09.126825,taker
P-BTC-68200-190324,2475.30000000,25,2024-03-16 21:21:53.822327,taker
P-BTC-64000-170324,72.80000000,25,2024-03-16 21:22:00.111541,taker
P-BTC-67000-190324,1791.40000000,25,2024-03-16 21:35:24.286971,taker
P-BTC-64400-170324,100.20000000,25,2024-03-16 21:35:24.296603,taker
C-BTC-65600-170324,1081.00000000,25,2024-03-16 21:42:25.592751,taker
P-BTC-70500-050424,5997.00000000,25,2024-03-16 21:42:34.956658,taker
P-BTC-75000-050424,9019.40000000,25,2024-03-16 22:02:31.848058,taker
C-BTC-64400-170324,1824.00000000,25,2024-03-16 22:02:53.770716,taker
P-BTC-61000-050424,1875.00000000,25,2024-03-16 22:03:03.504730,taker
P-BTC-62000-290324,1667.90000000,25,2024-03-16 22:03:45.855177,taker
P-BTC-68200-180324,2414.10000000,25,2024-03-16 22:04:27.762311,taker
P-BTC-63000-050424,2454.40000000,25,2024-03-16 22:04:30.147526,taker
P-BTC-67400-190324,2194.40000000,25,2024-03-16 22:04:31.294530,taker
P-BTC-74000-050424,8417.50000000,25,2024-03-16 22:07:25.255295,taker
P-BTC-69000-220324,3944.30000000,25,2024-03-16 22:07:25.335238,taker
P-BTC-65000-050424,3270.80000000,25,2024-03-16 22:07:28.594041,taker
C-BTC-64400-170324,2338.80000000,25,2024-03-16 22:37:32.513779,taker
C-BTC-63600-170324,3211.00000000,25,2024-03-16 22:39:03.121916,taker
P-BTC-63000-050424,2324.00000000,25,2024-03-16 22:39:12.834166,taker
P-BTC-74000-050424,8481.20000000,25,2024-03-16 23:10:40.245305,taker
P-BTC-74000-050424,8492.90000000,25,2024-03-16 23:10:40.507715,taker
P-BTC-65000-050424,3311.10000000,25,2024-03-16 23:10:43.567292,taker
P-BTC-74000-050424,8541.00000000,25,2024-03-16 23:10:56.470019,taker
C-BTC-64400-170324,1539.00000000,25,2024-03-16 23:10:58.019263,taker
C-BTC-65200-170324,958.00000000,25,2024-03-16 23:11:41.687640,taker
P-BTC-59000-050424,1440.00000000,25,2024-03-16 23:11:51.556588,taker
P-BTC-64000-050424,2914.60000000,25,2024-03-16 23:12:16.116019,taker
P-BTC-64400-180324,617.50000000,25,2024-03-16 23:12:31.462064,taker
C-BTC-65600-180324,1202.00000000,25,2024-03-16 23:12:35.632265,taker
P-BTC-64000-050424,2982.30000000,25,2024-03-16 23:13:02.202945,taker
P-BTC-62000-050424,2264.60000000,25,2024-03-16 23:13:29.972695,taker
P-BTC-69500-050424,5855.20000000,25,2024-03-16 23:13:30.880573,taker
C-BTC-68200-170324,32.00000000,10,2024-03-16 23:13:31.525229,taker
C-BTC-64800-170324,970.00000000,25,2024-03-16 23:13:41.365024,taker
C-BTC-67400-170324,79.00000000,25,2024-03-16 23:14:08.314267,taker
P-BTC-65000-050424,3510.00000000,25,2024-03-16 23:14:20.424431,taker
P-BTC-63600-180324,565.00000000,252,2024-03-16 23:14:21.357224,taker
C-BTC-73600-180324,19.00000000,252,2024-03-16 23:14:21.406418,taker
C-BTC-65000-170324,876.00000000,25,2024-03-16 23:14:49.964377,taker
P-BTC-69500-050424,5981.00000000,25,2024-03-16 23:15:03.949494,taker
C-BTC-64000-170324,1563.00000000,25,2024-03-16 23:16:04.080660,taker
P-BTC-62000-050424,2399.00000000,25,2024-03-16 23:16:14.174497,taker
P-BTC-69000-290324,5155.80000000,25,2024-03-16 23:17:40.187627,taker
P-BTC-71500-050424,7313.80000000,25,2024-03-16 23:18:05.775553,taker
P-BTC-67500-050424,4928.30000000,25,2024-03-16 23:18:05.794366,taker
P-BTC-69500-050424,6142.50000000,25,2024-03-16 23:18:08.013476,taker
C-BTC-65400-170324,400.00000000,25,2024-03-16 23:18:30.106326,taker
P-BTC-69500-050424,6151.00000000,25,2024-03-16 23:18:39.855482,taker
C-BTC-66400-190324,1093.00000000,25,2024-03-16 23:19:16.600696,taker
P-BTC-67500-050424,4925.00000000,25,2024-03-16 23:19:26.763627,taker
C-BTC-65400-170324,478.50000000,25,2024-03-16 23:20:17.590047,taker
C-BTC-65800-170324,358.00000000,25,2024-03-16 23:20:19.474530,taker
P-BTC-65000-170324,382.00000000,1,2024-03-16 23:21:06.098130,maker
C-BTC-65600-190324,1715.00000000,25,2024-03-16 23:21:43.979987,taker
P-BTC-64000-170324,116.00000000,25,2024-03-16 23:21:58.076020,taker
C-BTC-65000-170324,1018.00000000,25,2024-03-16 23:22:12.880612,taker
P-BTC-65000-170324,278.00000000,1,2024-03-16 23:26:14.515959,taker
C-BTC-66600-170324,194.00000000,25,2024-03-16 23:28:34.239864,taker
P-BTC-64000-170324,144.30000000,25,2024-03-16 23:28:38.402237,taker
P-BTC-60000-050424,1781.00000000,25,2024-03-16 23:28:45.905959,taker
C-BTC-66600-170324,299.00000000,25,2024-03-16 23:40:59.652077,taker
C-BTC-67000-170324,299.00000000,25,2024-03-17 00:04:54.658052,taker
P-BTC-66600-170324,982.00000000,25,2024-03-17 00:05:09.141898,taker
C-BTC-66400-190324,1470.30000000,25,2024-03-17 00:06:41.808965,taker
C-BTC-64000-170324,2098.30000000,25,2024-03-17 00:06:59.231902,taker
P-BTC-65800-170324,447.00000000,100,2024-03-17 00:09:04.206104,taker
C-BTC-66200-170324,510.00000000,25,2024-03-17 00:29:50.158622,taker
P-BTC-67000-050424,4226.00000000,25,2024-03-17 00:30:00.223325,taker
C-BTC-73600-180324,26.00000000,248,2024-03-17 00:37:26.478244,taker
C-BTC-67200-170324,118.00000000,25,2024-03-17 00:52:54.216468,taker
P-BTC-65500-050424,3682.00000000,25,2024-03-17 00:53:09.179851,taker
P-BTC-66600-170324,1228.50000000,25,2024-03-17 00:54:31.476498,taker
C-BTC-72400-170324,2.00000000,6,2024-03-17 00:54:58.503374,maker
C-BTC-73000-170324,2.00000000,25,2024-03-17 00:55:28.091914,taker
P-BTC-64200-170324,117.00000000,25,2024-03-17 00:55:38.696524,taker
P-BTC-63600-180324,457.00000000,248,2024-03-17 00:57:06.046792,taker
P-BTC-64200-170324,169.00000000,25,2024-03-17 00:59:08.629249,taker
