product_symbol,price,size,timestamp,buyer_role
C-ETH-3100-010524,2.60000000,5,2024-05-01 00:04:04.383931,taker
C-ETH-3080-010524,4.60000000,5,2024-05-01 00:04:17.715870,taker
P-ETH-2920-010524,2.20000000,5,2024-05-01 00:04:46.905448,taker
P-ETH-2940-010524,3.90000000,5,2024-05-01 00:04:46.907739,taker
P-ETH-2960-010524,6.60000000,5,2024-05-01 00:04:46.918003,taker
C-ETH-3060-010524,7.90000000,2,2024-05-01 00:13:15.907891,maker
C-ETH-3080-030524,36.00000000,200,2024-05-01 00:15:00.341000,maker
P-ETH-2960-010524,5.80000000,15,2024-05-01 00:19:32.832699,maker
P-ETH-3020-010524,30.40000000,1,2024-05-01 00:21:51.931447,taker
C-ETH-2980-010524,35.80000000,1,2024-05-01 00:29:13.912147,maker
C-ETH-3080-010524,3.00000000,40,2024-05-01 00:29:22.771907,maker
P-ETH-2960-010524,9.50000000,20,2024-05-01 00:34:23.583683,taker
C-ETH-3020-010524,16.70000000,1,2024-05-01 00:35:39.463334,taker
C-ETH-3020-010524,16.90000000,1,2024-05-01 00:35:51.883732,taker
P-ETH-2840-010524,0.01000000,1,2024-05-01 00:42:18.970707,maker
C-ETH-3060-010524,3.50000000,1,2024-05-01 00:42:19.111418,taker
P-ETH-2960-010524,6.90000000,20,2024-05-01 00:44:51.621418,maker
P-ETH-2840-010524,0.01000000,36,2024-05-01 00:44:59.466794,maker
C-ETH-3040-010524,10.00000000,12,2024-05-01 00:45:29.087411,taker
P-ETH-3020-010524,28.30000000,21,2024-05-01 00:48:22.279780,maker
P-ETH-3000-010524,22.80000000,11,2024-05-01 00:50:59.758428,maker
C-ETH-3000-010524,22.90000000,500,2024-05-01 00:54:45.160175,taker
P-ETH-3000-010524,24.10000000,500,2024-05-01 00:56:06.380033,maker
C-ETH-3100-010524,1.30000000,250,2024-05-01 00:56:19.908435,taker
P-ETH-2920-010524,3.30000000,500,2024-05-01 00:56:28.843151,taker
P-ETH-2980-010524,15.00000000,100,2024-05-01 00:57:38.673020,maker
P-ETH-2960-010524,8.80000000,2,2024-05-01 00:58:51.786840,maker
C-ETH-3100-010524,1.40000000,31,2024-05-01 01:03:16.632041,taker
C-ETH-3400-030524,3.10000000,1000,2024-05-01 01:03:18.296739,maker
C-ETH-4000-030524,0.30000000,2000,2024-05-01 01:07:02.099725,taker
C-ETH-3100-310524,187.40000000,100,2024-05-01 01:07:48.035137,maker
C-ETH-3040-010524,6.00000000,3,2024-05-01 01:07:50.935452,maker
C-ETH-4000-030524,0.10000000,800,2024-05-01 01:09:04.099394,maker
C-ETH-3020-010524,9.50000000,141,2024-05-01 01:09:10.327778,maker
P-ETH-3020-010524,42.00000000,24,2024-05-01 01:09:11.349100,taker
P-ETH-2980-010524,20.00000000,88,2024-05-01 01:09:39.926509,taker
P-ETH-2980-010524,20.00000000,25,2024-05-01 01:09:39.926734,taker
P-ETH-2940-020524,30.00000000,5,2024-05-01 01:09:41.374338,taker
C-ETH-3300-020524,1.00000000,100,2024-05-01 01:09:41.431113,maker
P-ETH-2900-010524,2.60000000,127,2024-05-01 01:10:40.194668,taker
P-ETH-2980-010524,18.00000000,1,2024-05-01 01:10:48.280316,maker
C-ETH-2980-010524,27.70000000,2,2024-05-01 01:11:03.446204,maker
C-ETH-4000-030524,0.01000000,200,2024-05-01 01:11:25.258264,maker
C-ETH-4100-030524,0.30000000,2000,2024-05-01 01:12:42.708432,taker
C-ETH-3120-010524,0.30000000,19,2024-05-01 01:13:13.899512,taker
C-ETH-3120-010524,0.70000000,81,2024-05-01 01:13:13.899570,taker
P-ETH-2920-020524,25.00000000,5,2024-05-01 01:14:00.531381,taker
P-ETH-2900-020524,20.00000000,5,2024-05-01 01:14:00.555906,taker
P-ETH-3020-010524,43.90000000,1,2024-05-01 01:14:15.234568,maker
P-ETH-2920-010524,5.10000000,50,2024-05-01 01:14:31.515119,taker
C-ETH-3100-020524,11.10000000,200,2024-05-01 01:14:32.098351,maker
C-ETH-3220-010524,0.01000000,1551,2024-05-01 01:16:48.381915,maker
P-ETH-2960-010524,11.80000000,2,2024-05-01 01:18:26.323854,maker
P-ETH-2980-010524,20.50000000,543,2024-05-01 01:18:46.358685,taker
C-ETH-2980-010524,25.50000000,12,2024-05-01 01:18:58.249762,maker
P-ETH-2940-010524,6.30000000,1,2024-05-01 01:20:31.950902,maker
C-ETH-3000-010524,26.40000000,10,2024-05-01 01:23:18.822371,taker
C-ETH-3000-010524,27.20000000,45,2024-05-01 01:30:07.570385,maker
P-ETH-3000-010524,19.70000000,1,2024-05-01 01:30:22.624602,taker
C-ETH-3100-010524,0.80000000,135,2024-05-01 01:31:06.377622,maker
C-ETH-3000-010524,29.40000000,25,2024-05-01 01:34:04.190359,taker
C-ETH-2980-010524,44.10000000,2,2024-05-01 01:34:12.529039,taker
C-ETH-3060-010524,5.80000000,606,2024-05-01 01:34:36.730432,taker
C-ETH-3060-010524,6.00000000,49,2024-05-01 01:34:51.435310,taker
C-ETH-2980-020524,63.30000000,2,2024-05-01 01:36:25.634214,maker
P-ETH-2840-010524,0.01000000,300,2024-05-01 01:36:42.439453,maker
C-ETH-3040-010524,10.50000000,33,2024-05-01 01:37:55.035949,taker
C-ETH-3400-030524,2.80000000,2000,2024-05-01 01:38:26.904053,maker
P-ETH-3020-010524,27.40000000,150,2024-05-01 01:41:12.286840,maker
P-ETH-3000-010524,18.10000000,1000,2024-05-01 01:42:29.162366,taker
P-ETH-2960-010524,4.70000000,11,2024-05-01 01:42:40.833395,maker
C-ETH-2940-010524,68.20000000,10,2024-05-01 01:44:05.719415,maker
C-ETH-3000-020524,51.90000000,18,2024-05-01 01:44:15.694441,taker
P-ETH-3040-010524,42.00000000,50,2024-05-01 01:44:57.145510,taker
P-ETH-3040-010524,45.90000000,1,2024-05-01 01:45:38.586316,taker
C-ETH-3040-010524,9.50000000,83,2024-05-01 01:47:03.388640,taker
P-ETH-2960-010524,6.50000000,119,2024-05-01 01:47:40.675729,maker
P-ETH-2940-010524,2.20000000,1,2024-05-01 01:47:46.634198,maker
C-ETH-3060-010524,4.30000000,655,2024-05-01 01:48:00.705955,maker
P-ETH-3020-010524,28.00000000,1000,2024-05-01 01:49:49.347250,maker
P-ETH-2880-010524,0.60000000,1,2024-05-01 01:49:59.200998,taker
P-ETH-2960-010524,6.80000000,5,2024-05-01 01:50:51.481909,taker
C-ETH-2900-010524,104.50000000,1,2024-05-01 01:51:37.989187,maker
C-ETH-3080-010524,2.60000000,22,2024-05-01 01:52:02.397688,taker
C-ETH-3000-010524,24.70000000,25,2024-05-01 01:56:08.237960,taker
C-ETH-3100-010524,1.30000000,750,2024-05-01 01:57:00.562752,taker
P-ETH-3000-010524,20.90000000,242,2024-05-01 01:57:09.922205,taker
P-ETH-3000-010524,20.10000000,1000,2024-05-01 01:57:50.766173,maker
P-ETH-3020-010524,30.00000000,1000,2024-05-01 01:59:04.088781,maker
C-ETH-3020-010524,13.20000000,98,2024-05-01 01:59:58.005267,maker
C-ETH-3040-020524,31.00000000,30,2024-05-01 02:00:51.285822,maker
P-ETH-2980-010524,13.40000000,98,2024-05-01 02:02:05.314326,maker
P-ETH-2880-010524,0.80000000,6,2024-05-01 02:03:08.082113,taker
C-ETH-3080-010524,0.90000000,22,2024-05-01 02:03:35.354025,maker
P-ETH-3040-010524,50.40000000,1,2024-05-01 02:05:02.194272,taker
P-ETH-3000-010524,23.30000000,20,2024-05-01 02:05:04.162243,taker
C-ETH-3100-010524,1.00000000,5,2024-05-01 02:05:16.177735,taker
C-ETH-3080-010524,1.30000000,207,2024-05-01 02:09:20.162015,taker
C-ETH-2940-010524,50.60000000,33,2024-05-01 02:09:33.585847,maker
P-ETH-3000-010524,28.60000000,242,2024-05-01 02:09:55.173947,maker
P-ETH-3040-010524,57.20000000,1,2024-05-01 02:10:18.406042,maker
C-ETH-3040-010524,3.70000000,1,2024-05-01 02:10:47.319709,maker
P-ETH-2880-020524,15.00000000,12,2024-05-01 02:11:17.821716,maker
P-ETH-2980-010524,20.00000000,20,2024-05-01 02:11:18.694751,maker
C-ETH-3040-010524,3.70000000,10,2024-05-01 02:11:31.205753,maker
C-ETH-3000-020524,38.00000000,18,2024-05-01 02:12:46.675860,maker
P-ETH-2980-010524,23.50000000,4,2024-05-01 02:13:05.350760,taker
P-ETH-2860-020524,15.00000000,5,2024-05-01 02:13:39.661353,taker
P-ETH-3000-010524,40.00000000,11,2024-05-01 02:13:41.452215,taker
P-ETH-2980-010524,29.80000000,98,2024-05-01 02:13:41.478769,taker
P-ETH-2880-020524,20.00000000,5,2024-05-01 02:13:44.826679,taker
P-ETH-2880-020524,20.90000000,7,2024-05-01 02:13:44.826723,taker
P-ETH-2800-020524,7.60000000,14,2024-05-01 02:14:15.570679,maker
P-ETH-3020-010524,60.90000000,3,2024-05-01 02:14:26.145807,taker
C-ETH-3120-010524,0.50000000,1000,2024-05-01 02:14:40.011336,taker
C-ETH-3020-010524,5.00000000,1,2024-05-01 02:15:02.098200,maker
P-ETH-3000-010524,39.40000000,20,2024-05-01 02:15:28.482283,taker
C-ETH-3000-010524,11.60000000,30,2024-05-01 02:15:45.054360,taker
P-ETH-2960-010524,17.80000000,144,2024-05-01 02:15:57.381099,maker
P-ETH-2960-010524,17.70000000,4,2024-05-01 02:16:06.322843,taker
C-ETH-3000-010524,12.30000000,100,2024-05-01 02:16:25.198428,taker
P-ETH-2960-010524,15.10000000,17,2024-05-01 02:16:28.146758,maker
C-ETH-3060-010524,1.90000000,3,2024-05-01 02:16:30.284953,taker
P-ETH-2980-010524,26.10000000,229,2024-05-01 02:16:47.214424,taker
P-ETH-3020-010524,52.90000000,2,2024-05-01 02:16:56.778672,taker
C-ETH-3020-030524,44.60000000,4,2024-05-01 02:17:19.230505,maker
P-ETH-2980-010524,21.30000000,543,2024-05-01 02:17:31.612104,maker
P-ETH-2940-010524,8.20000000,75,2024-05-01 02:18:51.144136,maker
P-ETH-3040-010524,58.60000000,1,2024-05-01 02:18:57.894784,maker
C-ETH-2980-010524,20.51000000,13,2024-05-01 02:22:17.950367,taker
C-ETH-2980-010524,20.40000000,7,2024-05-01 02:22:19.978325,maker
P-ETH-2860-010524,0.90000000,100,2024-05-01 02:23:23.131591,taker
C-ETH-3100-010524,0.70000000,100,2024-05-01 02:23:32.246785,taker
P-ETH-2900-010524,2.10000000,3,2024-05-01 02:24:45.550265,maker
C-ETH-3400-030524,2.50000000,1000,2024-05-01 02:24:45.556015,taker
C-ETH-2980-010524,26.00000000,418,2024-05-01 02:25:19.163377,maker
C-ETH-2980-010524,25.30000000,7,2024-05-01 02:25:24.122707,taker
C-ETH-3000-010524,16.10000000,150,2024-05-01 02:25:26.986112,taker
P-ETH-2960-010524,9.80000000,148,2024-05-01 02:26:34.418491,maker
P-ETH-2980-010524,19.10000000,113,2024-05-01 02:27:09.886667,taker
C-ETH-3000-010524,17.00000000,25,2024-05-01 02:28:36.629928,taker
C-ETH-2980-010524,27.60000000,13,2024-05-01 02:30:47.150413,taker
P-ETH-2940-010524,7.00000000,11,2024-05-01 02:31:45.485699,taker
P-ETH-2900-010524,3.70000000,10,2024-05-01 02:34:23.113720,taker
P-ETH-2960-010524,17.70000000,104,2024-05-01 02:35:25.618819,taker
P-ETH-3040-010524,69.80000000,2,2024-05-01 02:35:53.202290,taker
P-ETH-3040-010524,61.10000000,23,2024-05-01 02:37:42.798644,maker
P-ETH-2980-010524,21.60000000,10,2024-05-01 02:40:55.387355,taker
C-ETH-3040-010524,6.10000000,8,2024-05-01 02:41:35.490002,taker
C-ETH-3020-010524,11.00000000,66,2024-05-01 02:42:28.785246,maker
P-ETH-2800-020524,6.20000000,14,2024-05-01 02:43:29.298719,taker
C-ETH-3000-010524,19.10000000,5,2024-05-01 02:43:40.250651,taker
C-ETH-3060-010524,2.00000000,10,2024-05-01 02:44:57.026283,maker
C-ETH-3060-010524,3.20000000,1,2024-05-01 02:48:49.390724,taker
C-ETH-3040-020524,25.70000000,3,2024-05-01 02:49:38.142787,maker
C-ETH-3040-020524,25.90000000,100,2024-05-01 02:49:52.143989,maker
C-ETH-3080-020524,15.10000000,100,2024-05-01 02:50:26.239984,taker
C-ETH-3600-310524,55.50000000,600,2024-05-01 02:52:23.929188,taker
P-ETH-2500-310524,72.50000000,600,2024-05-01 02:52:35.341365,taker
C-ETH-2980-010524,25.80000000,100,2024-05-01 02:53:36.154172,maker
C-ETH-3000-010524,14.60000000,100,2024-05-01 02:53:42.699141,maker
C-ETH-3060-030524,32.10000000,5,2024-05-01 02:56:47.899547,maker
P-ETH-2850-030524,22.80000000,5,2024-05-01 02:57:59.691275,maker
C-ETH-3060-010524,3.30000000,30,2024-05-01 02:58:03.468621,taker
C-ETH-2980-010524,26.20000000,418,2024-05-01 02:58:21.976084,maker
C-ETH-3080-030524,26.00000000,5,2024-05-01 02:59:06.864478,taker
C-ETH-3140-020524,7.10000000,161,2024-05-01 02:59:38.783068,taker
P-ETH-2800-280624,200.00000000,1,2024-05-01 02:59:49.307259,taker
P-ETH-2800-280624,201.40000000,5,2024-05-01 02:59:49.307312,taker
C-ETH-3140-020524,7.10000000,8,2024-05-01 02:59:53.197946,maker
C-ETH-2980-010524,27.20000000,15,2024-05-01 03:00:19.907260,taker
P-ETH-2960-010524,11.00000000,96,2024-05-01 03:00:31.855211,maker
P-ETH-3040-010524,51.10000000,2,2024-05-01 03:02:14.276164,maker
P-ETH-2980-010524,15.70000000,4,2024-05-01 03:03:10.999670,maker
C-ETH-2980-010524,28.00000000,7,2024-05-01 03:04:40.859398,taker
C-ETH-2980-010524,28.00000000,1904,2024-05-01 03:04:43.546087,taker
C-ETH-2980-010524,28.20000000,54,2024-05-01 03:04:53.103280,taker
C-ETH-2980-010524,26.40000000,3,2024-05-01 03:07:41.359510,maker
C-ETH-3000-010524,16.30000000,30,2024-05-01 03:07:59.856584,maker
C-ETH-4400-310524,15.90000000,500,2024-05-01 03:09:57.180604,taker
C-ETH-3020-010524,10.40000000,100,2024-05-01 03:10:19.979357,taker
C-ETH-3000-010524,17.20000000,100,2024-05-01 03:12:23.247995,maker
P-ETH-2960-010524,10.60000000,40,2024-05-01 03:12:41.702083,taker
C-ETH-2980-010524,28.20000000,15,2024-05-01 03:13:21.733206,maker
P-ETH-2980-010524,16.20000000,100,2024-05-01 03:18:14.793196,maker
C-ETH-3020-010524,11.50000000,98,2024-05-01 03:18:18.268773,taker
C-ETH-3400-030524,2.30000000,2000,2024-05-01 03:19:41.270808,maker
C-ETH-3000-010524,18.00000000,1,2024-05-01 03:21:03.744873,taker
C-ETH-3000-010524,19.40000000,6,2024-05-01 03:21:16.337649,taker
P-ETH-2940-010524,5.20000000,12,2024-05-01 03:21:40.567709,taker
C-ETH-3000-010524,19.50000000,19,2024-05-01 03:23:45.602409,taker
C-ETH-3000-020524,44.80000000,5,2024-05-01 03:23:58.759851,maker
P-ETH-3000-010524,22.40000000,1,2024-05-01 03:24:26.652996,maker
P-ETH-2980-020524,38.90000000,5,2024-05-01 03:26:45.304595,maker
P-ETH-2960-010524,8.60000000,23,2024-05-01 03:27:00.612700,taker
P-ETH-3020-010524,34.60000000,133,2024-05-01 03:28:32.048317,maker
P-ETH-3000-010524,22.50000000,10,2024-05-01 03:31:33.092180,maker
P-ETH-3040-010524,50.50000000,1,2024-05-01 03:33:26.452320,taker
C-ETH-3000-010524,18.40000000,6,2024-05-01 03:34:56.757892,taker
P-ETH-2880-010524,0.70000000,2360,2024-05-01 03:35:05.772954,taker
P-ETH-3020-010524,33.80000000,2,2024-05-01 03:36:20.646250,maker
C-ETH-3000-010524,16.30000000,2,2024-05-01 03:36:20.656233,maker
P-ETH-3000-010524,23.40000000,2,2024-05-01 03:36:20.658842,taker
C-ETH-3100-010524,0.70000000,6,2024-05-01 03:36:20.661833,taker
C-ETH-3400-030524,2.30000000,1000,2024-05-01 03:37:05.850683,maker
P-ETH-2900-010524,1.00000000,2356,2024-05-01 03:37:59.866244,maker
C-ETH-4000-030524,0.30000000,1000,2024-05-01 03:38:01.585975,taker
C-ETH-2980-010524,31.30000000,1,2024-05-01 03:39:23.608271,taker
C-ETH-3000-010524,20.00000000,100,2024-05-01 03:40:12.780103,maker
C-ETH-3060-010524,2.80000000,1,2024-05-01 03:40:44.405570,taker
P-ETH-3000-010524,18.10000000,1,2024-05-01 03:41:34.189293,maker
C-ETH-2840-010524,158.50000000,200,2024-05-01 03:41:53.544889,maker
P-ETH-2940-010524,2.94000000,76,2024-05-01 03:42:17.401470,maker
P-ETH-2980-010524,8.30000000,100,2024-05-01 03:42:42.644740,maker
P-ETH-2900-010524,1.00000000,2,2024-05-01 03:42:45.365563,maker
P-ETH-2900-010524,1.00000000,2349,2024-05-01 03:45:27.814923,maker
P-ETH-2900-010524,1.00000000,2349,2024-05-01 03:45:28.001113,maker
P-ETH-3000-010524,21.30000000,1,2024-05-01 03:45:53.957106,taker
C-ETH-3060-010524,1.60000000,1,2024-05-01 03:45:57.289027,maker
P-ETH-2900-010524,1.40000000,100,2024-05-01 03:50:36.924563,taker
P-ETH-2980-010524,8.60000000,100,2024-05-01 03:52:16.076935,maker
C-ETH-2840-010524,166.90000000,200,2024-05-01 03:52:31.360593,taker
P-ETH-2960-010524,5.00000000,100,2024-05-01 03:52:35.025999,maker
P-ETH-2960-010524,5.00000000,50,2024-05-01 03:52:35.026112,maker
C-ETH-3400-030524,2.30000000,1308.000000000000000000,2024-05-01 03:52:49.378842,maker
C-ETH-3400-030524,2.30000000,692.000000000000000000,2024-05-01 03:52:49.438988,taker
C-ETH-3040-010524,6.30000000,10,2024-05-01 03:53:18.129413,taker
C-ETH-3000-010524,20.00000000,356,2024-05-01 03:53:30.309384,taker
P-ETH-2880-020524,10.80000000,4,2024-05-01 03:53:57.228923,taker
P-ETH-3020-010524,25.30000000,6,2024-05-01 03:54:04.270775,maker
P-ETH-2880-020524,11.00000000,4,2024-05-01 03:54:15.965165,taker
C-ETH-3000-010524,22.00000000,20,2024-05-01 03:54:27.013554,taker
C-ETH-3020-010524,12.50000000,6,2024-05-01 03:54:46.280258,taker
P-ETH-2960-010524,5.40000000,96,2024-05-01 03:55:01.031775,taker
C-ETH-3100-280624,256.00000000,5,2024-05-01 03:57:09.964805,taker
C-ETH-3000-010524,22.90000000,179,2024-05-01 03:57:37.172783,taker
P-ETH-3040-010524,40.40000000,23,2024-05-01 03:57:39.893400,taker
C-ETH-3000-010524,22.10000000,159,2024-05-01 03:57:45.767885,maker
P-ETH-2880-010524,0.50000000,2345,2024-05-01 03:58:25.833111,taker
P-ETH-2880-010524,0.50000000,2345,2024-05-01 03:58:26.029485,maker
P-ETH-2880-010524,0.50000000,2345,2024-05-01 03:58:26.414814,maker
P-ETH-2880-010524,0.50000000,2345,2024-05-01 03:58:26.634457,maker
P-ETH-2880-010524,0.50000000,620,2024-05-01 03:58:26.995483,maker
C-ETH-3020-010524,12.40000000,8,2024-05-01 03:58:51.926514,maker
C-ETH-3000-010524,21.50000000,1,2024-05-01 03:58:58.823090,maker
C-ETH-3040-010524,6.30000000,10,2024-05-01 03:59:22.088143,taker
P-ETH-2700-030524,8.30000000,20,2024-05-01 04:00:02.501029,taker
C-ETH-2960-010524,48.00000000,28,2024-05-01 04:00:12.747123,taker
P-ETH-2980-010524,9.50000000,948,2024-05-01 04:00:43.120960,taker
P-ETH-2980-010524,9.40000000,69,2024-05-01 04:00:46.564457,taker
P-ETH-2980-010524,9.50000000,4,2024-05-01 04:00:51.544385,taker
P-ETH-2880-020524,11.00000000,4,2024-05-01 04:00:52.788142,taker
C-ETH-2980-010524,33.20000000,979,2024-05-01 04:02:24.820766,maker
C-ETH-3400-030524,3.20000000,134,2024-05-01 04:03:01.752073,taker
C-ETH-3000-010524,22.00000000,33,2024-05-01 04:03:31.436628,maker
C-ETH-3000-010524,21.80000000,117,2024-05-01 04:03:31.436685,maker
C-ETH-2980-010524,34.00000000,30,2024-05-01 04:03:51.724470,maker
C-ETH-2980-010524,33.80000000,215,2024-05-01 04:03:51.724526,maker
C-ETH-3000-020524,51.70000000,5,2024-05-01 04:04:22.036434,taker
C-ETH-2980-010524,37.30000000,100,2024-05-01 04:04:39.084018,maker
P-ETH-2960-020524,24.10000000,3,2024-05-01 04:04:45.448204,maker
C-ETH-3000-010524,25.10000000,19,2024-05-01 04:04:46.879783,taker
C-ETH-3000-010524,26.40000000,337,2024-05-01 04:04:46.879873,taker
C-ETH-3000-020524,52.10000000,5,2024-05-01 04:05:27.253071,taker
P-ETH-3000-010524,12.20000000,1,2024-05-01 04:05:29.050049,maker
P-ETH-2880-020524,8.70000000,6,2024-05-01 04:05:30.319998,maker
P-ETH-2920-010524,1.00000000,2348,2024-05-01 04:05:31.940834,taker
P-ETH-2920-010524,1.00000000,2348,2024-05-01 04:05:32.011147,maker
P-ETH-2920-010524,1.00000000,2348,2024-05-01 04:05:32.344814,maker
C-ETH-2980-010524,37.00000000,184,2024-05-01 04:05:54.640262,maker
P-ETH-2700-030524,6.50000000,20,2024-05-01 04:06:13.292318,maker
C-ETH-3000-010524,23.00000000,23,2024-05-01 04:06:31.528267,maker
C-ETH-2980-010524,33.80000000,275,2024-05-01 04:06:34.420184,maker
P-ETH-3000-010524,14.00000000,30,2024-05-01 04:06:35.724540,taker
C-ETH-2980-010524,34.90000000,138,2024-05-01 04:07:06.600497,maker
C-ETH-3120-010524,0.50000000,100,2024-05-01 04:07:29.242802,taker
C-ETH-3040-010524,7.30000000,6,2024-05-01 04:07:52.895962,taker
C-ETH-2920-010524,89.00000000,10,2024-05-01 04:09:29.576299,maker
C-ETH-3120-010524,0.50000000,1800,2024-05-01 04:09:34.403867,taker
C-ETH-2980-010524,33.40000000,137,2024-05-01 04:11:11.296175,maker
P-ETH-3020-010524,25.90000000,6,2024-05-01 04:12:11.668943,taker
C-ETH-3000-010524,22.60000000,56,2024-05-01 04:12:12.421755,taker
C-ETH-3040-010524,5.60000000,10,2024-05-01 04:12:14.813889,maker
P-ETH-2900-010524,0.80000000,2331,2024-05-01 04:15:27.864919,maker
P-ETH-2900-010524,0.80000000,2331,2024-05-01 04:15:28.134600,maker
P-ETH-2960-010524,4.00000000,100,2024-05-01 04:17:50.892026,taker
C-ETH-3020-010524,12.00000000,100,2024-05-01 04:18:26.332100,maker
P-ETH-3000-010524,14.40000000,104,2024-05-01 04:19:18.612035,taker
P-ETH-2980-020524,32.60000000,5,2024-05-01 04:20:06.899745,taker
P-ETH-3000-010524,14.20000000,37,2024-05-01 04:21:44.280002,taker
P-ETH-2880-010524,0.50000000,2315,2024-05-01 04:21:54.116185,taker
P-ETH-2880-010524,0.50000000,2315,2024-05-01 04:21:54.220703,maker
P-ETH-2880-010524,0.50000000,2315,2024-05-01 04:21:54.445407,maker
P-ETH-2880-010524,0.50000000,2315,2024-05-01 04:21:54.828705,maker
P-ETH-2880-010524,0.50000000,740,2024-05-01 04:21:55.123290,maker
C-ETH-3000-010524,21.65000000,1,2024-05-01 04:22:22.961755,maker
P-ETH-3000-020524,40.50000000,100,2024-05-01 04:22:41.641585,taker
P-ETH-2880-010524,0.01000000,199,2024-05-01 04:23:55.349479,maker
C-ETH-3040-010524,6.60000000,18,2024-05-01 04:24:44.193026,taker
P-ETH-2960-010524,4.20000000,18,2024-05-01 04:25:11.125372,taker
C-ETH-3000-010524,21.65000000,8,2024-05-01 04:25:43.937108,maker
P-ETH-3000-010524,13.20000000,8,2024-05-01 04:26:02.216912,maker
C-ETH-3000-010524,21.65000000,218,2024-05-01 04:26:26.817090,maker
C-ETH-3300-310524,105.20000000,60,2024-05-01 04:27:05.264781,maker
C-ETH-3000-010524,20.00000000,22,2024-05-01 04:28:39.712363,maker
P-ETH-2960-010524,4.70000000,41,2024-05-01 04:28:57.680863,taker
P-ETH-3100-100524,166.50000000,5,2024-05-01 04:30:18.308388,maker
P-ETH-3020-010524,22.90000000,141,2024-05-01 04:30:59.523868,maker
P-ETH-2920-010524,1.00000000,2309,2024-05-01 04:33:12.062524,maker
C-ETH-3100-010524,0.80000000,251,2024-05-01 04:34:28.696051,taker
P-ETH-3040-010524,35.20000000,1,2024-05-01 04:36:00.456023,maker
P-ETH-2850-100524,64.60000000,1,2024-05-01 04:37:28.562280,taker
P-ETH-2850-100524,67.00000000,1,2024-05-01 04:39:16.909399,taker
P-ETH-2850-100524,64.00000000,1,2024-05-01 04:40:00.248007,maker
C-ETH-3080-010524,1.50000000,617,2024-05-01 04:40:53.548365,taker
C-ETH-3160-020524,4.70000000,66,2024-05-01 04:42:10.500696,taker
C-ETH-2980-010524,33.00000000,57,2024-05-01 04:43:18.388453,maker
P-ETH-2900-010524,0.80000000,2291,2024-05-01 04:45:27.999134,maker
P-ETH-2900-010524,0.80000000,2291,2024-05-01 04:45:28.345908,maker
P-ETH-2900-010524,0.80000000,2291,2024-05-01 04:45:28.594547,maker
P-ETH-2900-010524,0.80000000,2291,2024-05-01 04:45:28.971518,maker
P-ETH-2900-010524,0.80000000,2291,2024-05-01 04:45:29.216346,maker
C-ETH-3220-020524,2.40000000,1,2024-05-01 04:46:29.492181,taker
C-ETH-3100-020524,12.60000000,114,2024-05-01 04:46:34.329667,maker
P-ETH-2920-010524,1.60000000,600,2024-05-01 04:47:27.836239,taker
P-ETH-2980-010524,6.60000000,200,2024-05-01 04:49:05.963910,maker
P-ETH-3000-020524,41.00000000,100,2024-05-01 04:49:35.433126,taker
C-ETH-2980-010524,31.70000000,1,2024-05-01 04:50:53.644435,maker
P-ETH-3040-010524,40.20000000,1,2024-05-01 04:51:21.971760,taker
C-ETH-3300-020524,1.00000000,2489,2024-05-01 04:51:23.109094,taker
C-ETH-3300-020524,1.00000000,2489,2024-05-01 04:51:23.171599,maker
P-ETH-3020-010524,26.20000000,10,2024-05-01 04:51:45.643728,taker
C-ETH-3020-020524,38.40000000,100,2024-05-01 04:51:56.456020,taker
P-ETH-3120-010524,113.00000000,67,2024-05-01 04:52:15.683152,taker
C-ETH-3080-010524,0.30000000,617,2024-05-01 04:52:43.850064,maker
C-ETH-3000-010524,20.00000000,28,2024-05-01 04:53:01.375110,maker
C-ETH-3220-020524,1.70000000,1,2024-05-01 04:54:14.519092,maker
P-ETH-2920-020524,16.00000000,100,2024-05-01 04:54:57.079373,maker
C-ETH-3000-010524,22.30000000,70,2024-05-01 04:55:23.979619,taker
C-ETH-2980-010524,36.40000000,22,2024-05-01 04:57:46.647651,taker
C-ETH-3060-010524,2.80000000,10,2024-05-01 04:57:55.428000,taker
P-ETH-3020-020524,49.50000000,10,2024-05-01 04:58:36.653293,taker
C-ETH-3120-010524,0.50000000,2,2024-05-01 04:58:58.456687,taker
C-ETH-3500-280624,137.80000000,64,2024-05-01 05:02:16.600055,taker
P-ETH-2920-010524,1.00000000,2276,2024-05-01 05:03:12.281851,maker
P-ETH-2920-010524,1.00000000,2276,2024-05-01 05:03:12.567656,maker
P-ETH-2920-010524,1.00000000,2274,2024-05-01 05:03:13.137325,maker
C-ETH-3400-030524,1.90000000,1000,2024-05-01 05:08:22.481942,taker
C-ETH-3000-010524,18.40000000,70,2024-05-01 05:09:31.566191,maker
P-ETH-2700-030524,6.20000000,1000,2024-05-01 05:09:51.669822,maker
P-ETH-3000-010524,15.60000000,155,2024-05-01 05:10:49.496524,taker
P-ETH-3040-010524,41.50000000,2,2024-05-01 05:10:49.563560,taker
C-ETH-3020-010524,9.00000000,8,2024-05-01 05:10:52.916192,maker
C-ETH-3000-010524,18.10000000,429,2024-05-01 05:10:55.080039,maker
P-ETH-3020-010524,27.80000000,21,2024-05-01 05:11:14.963999,taker
C-ETH-3020-020524,35.50000000,100,2024-05-01 05:11:46.212469,maker
C-ETH-3000-020524,46.00000000,100,2024-05-01 05:11:46.764149,maker
C-ETH-3000-010524,15.10000000,40,2024-05-01 05:12:17.200680,maker
C-ETH-2980-010524,28.00000000,22,2024-05-01 05:12:28.122102,taker
C-ETH-3000-010524,15.90000000,1,2024-05-01 05:12:28.186135,taker
P-ETH-3000-010524,16.40000000,1,2024-05-01 05:13:26.746644,maker
C-ETH-3020-010524,8.70000000,6,2024-05-01 05:13:29.517819,maker
C-ETH-3000-010524,18.10000000,50,2024-05-01 05:14:22.024997,taker
C-ETH-3000-020524,45.50000000,1,2024-05-01 05:14:53.492172,maker
C-ETH-3000-010524,18.10000000,109,2024-05-01 05:15:11.352123,taker
P-ETH-2900-010524,0.80000000,2252,2024-05-01 05:15:28.276014,maker
P-ETH-2900-010524,0.80000000,1631,2024-05-01 05:15:28.485351,maker
P-ETH-3020-010524,28.30000000,4,2024-05-01 05:16:53.117316,taker
C-ETH-3000-020524,45.90000000,1,2024-05-01 05:17:10.852119,taker
C-ETH-3000-010524,17.20000000,50,2024-05-01 05:17:33.812505,taker
P-ETH-3020-010524,29.60000000,100,2024-05-01 05:17:40.780055,taker
C-ETH-3000-010524,15.80000000,23,2024-05-01 05:18:22.124127,maker
C-ETH-3040-010524,3.10000000,1,2024-05-01 05:18:27.247833,maker
C-ETH-3000-010524,17.90000000,18,2024-05-01 05:18:49.548629,taker
P-ETH-3020-010524,28.70000000,36,2024-05-01 05:18:50.701070,taker
P-ETH-2880-010524,0.50000000,2208,2024-05-01 05:19:01.020460,taker
P-ETH-2880-010524,0.50000000,2208,2024-05-01 05:19:01.145324,maker
P-ETH-2880-010524,0.50000000,584,2024-05-01 05:19:01.369979,maker
C-ETH-3000-030524,59.40000000,10,2024-05-01 05:20:04.596550,maker
P-ETH-3000-030524,60.10000000,2,2024-05-01 05:20:54.437387,taker
P-ETH-2840-010524,0.30000000,345,2024-05-01 05:21:07.275826,taker
P-ETH-3000-030524,60.30000000,2,2024-05-01 05:21:07.905481,taker
P-ETH-3000-030524,60.20000000,2,2024-05-01 05:21:15.297073,taker
C-ETH-3160-010524,0.01000000,200,2024-05-01 05:21:40.024750,maker
C-ETH-3000-010524,15.40000000,10,2024-05-01 05:21:53.037011,maker
P-ETH-3080-010524,79.40000000,1,2024-05-01 05:22:00.593202,taker
C-ETH-3100-020524,11.40000000,40,2024-05-01 05:22:07.489478,maker
P-ETH-3000-010524,17.60000000,155,2024-05-01 05:22:16.574501,taker
P-ETH-3000-010524,18.00000000,100,2024-05-01 05:22:17.096135,taker
C-ETH-3080-020524,14.90000000,19,2024-05-01 05:22:17.424755,maker
C-ETH-3000-010524,13.70000000,100,2024-05-01 05:22:19.240088,maker
P-ETH-2940-010524,3.10000000,200,2024-05-01 05:22:48.028589,taker
P-ETH-3000-010524,18.00000000,104,2024-05-01 05:22:54.663759,maker
P-ETH-3040-010524,46.60000000,3,2024-05-01 05:23:11.516742,maker
C-ETH-3000-010524,13.40000000,50,2024-05-01 05:25:04.236724,maker
C-ETH-3000-010524,15.30000000,100,2024-05-01 05:25:17.791709,taker
C-ETH-3000-010524,15.10000000,5,2024-05-01 05:25:27.716751,taker
P-ETH-3120-010524,130.30000000,67,2024-05-01 05:26:12.480427,taker
P-ETH-3000-010524,21.60000000,1,2024-05-01 05:26:16.048833,taker
P-ETH-2800-030524,17.10000000,250,2024-05-01 05:26:25.116011,taker
C-ETH-2980-010524,26.00000000,3,2024-05-01 05:26:35.476084,taker
P-ETH-3020-010524,33.70000000,10,2024-05-01 05:27:59.115406,maker
P-ETH-3040-010524,50.50000000,10,2024-05-01 05:28:06.401760,maker
P-ETH-3000-020524,49.90000000,7,2024-05-01 05:28:33.132831,taker
C-ETH-2960-010524,35.30000000,26,2024-05-01 05:28:36.000300,maker
P-ETH-2980-010524,12.20000000,100,2024-05-01 05:29:15.801084,maker
P-ETH-3000-020524,50.80000000,7,2024-05-01 05:29:19.599738,taker
P-ETH-2980-010524,12.10000000,8,2024-05-01 05:29:24.580233,maker
P-ETH-3020-010524,34.30000000,100,2024-05-01 05:29:42.171732,maker
P-ETH-2980-010524,12.00000000,100,2024-05-01 05:30:02.895753,maker
P-ETH-2980-010524,10.80000000,8,2024-05-01 05:30:38.540196,taker
P-ETH-3020-010524,30.00000000,4,2024-05-01 05:30:38.699316,maker
C-ETH-3060-010524,1.03000000,1,2024-05-01 05:31:36.352052,maker
P-ETH-3000-010524,22.60000000,200,2024-05-01 05:32:02.786285,taker
P-ETH-3000-010524,22.30000000,34,2024-05-01 05:32:37.671971,taker
C-ETH-3100-100524,74.00000000,601,2024-05-01 05:32:45.652244,maker
C-ETH-2980-010524,24.10000000,3,2024-05-01 05:33:34.548202,maker
C-ETH-3050-100524,94.10000000,600,2024-05-01 05:33:43.799543,maker
P-ETH-3000-010524,19.50000000,379,2024-05-01 05:33:50.427610,maker
C-ETH-3040-020524,26.20000000,50,2024-05-01 05:34:34.692239,maker
P-ETH-3000-010524,18.40000000,12,2024-05-01 05:35:10.051758,taker
P-ETH-3000-010524,13.00000000,391,2024-05-01 05:36:39.653273,maker
P-ETH-3020-010524,27.70000000,4,2024-05-01 05:38:29.793057,taker
P-ETH-3000-020524,43.80000000,2,2024-05-01 05:38:39.265011,taker
C-ETH-3160-010524,0.01000000,33,2024-05-01 05:39:31.802752,maker
C-ETH-3040-010524,4.00000000,50,2024-05-01 05:40:21.072411,taker
P-ETH-3020-010524,28.80000000,20,2024-05-01 05:40:31.983371,maker
P-ETH-2980-010524,7.70000000,20,2024-05-01 05:41:04.144531,taker
P-ETH-2960-010524,3.80000000,10,2024-05-01 05:41:34.088351,maker
P-ETH-2920-010524,0.50000000,50,2024-05-01 05:42:02.471809,maker
C-ETH-3060-020524,20.00000000,50,2024-05-01 05:42:08.172365,taker
C-ETH-3040-010524,3.20000000,50,2024-05-01 05:42:34.866064,taker
C-ETH-3020-010524,5.30000000,100,2024-05-01 05:42:43.347680,maker
P-ETH-3020-010524,31.80000000,4,2024-05-01 05:43:05.811856,maker
P-ETH-3000-010524,19.80000000,200,2024-05-01 05:43:50.933276,taker
C-ETH-3140-010524,0.01000000,103,2024-05-01 05:44:29.204125,maker
P-ETH-3050-030524,94.00000000,4,2024-05-01 05:45:16.852393,taker
C-ETH-3000-020524,40.00000000,100,2024-05-01 05:45:44.368860,maker
C-ETH-3000-010524,13.50000000,50,2024-05-01 05:48:07.052027,taker
P-ETH-3040-010524,53.10000000,10,2024-05-01 05:49:08.600050,taker
P-ETH-2900-010524,0.10000000,56,2024-05-01 05:49:57.771971,maker
C-ETH-2960-010524,37.30000000,28,2024-05-01 05:50:37.312488,taker
C-ETH-3020-030524,43.80000000,5,2024-05-01 05:50:41.639934,maker
C-ETH-2960-010524,39.20000000,3,2024-05-01 05:50:57.624363,taker
P-ETH-2980-010524,12.90000000,18,2024-05-01 05:51:58.991948,taker
C-ETH-2960-010524,34.40000000,3,2024-05-01 05:52:16.364183,maker
P-ETH-2980-010524,12.30000000,2,2024-05-01 05:52:25.041692,taker
P-ETH-3000-010524,20.70000000,1,2024-05-01 05:52:55.104217,maker
P-ETH-3000-010524,22.70000000,5,2024-05-01 05:53:07.224426,taker
C-ETH-3060-010524,1.03000000,7,2024-05-01 05:53:26.507165,maker
C-ETH-3400-030524,1.60000000,134,2024-05-01 05:53:40.684211,maker
C-ETH-3000-010524,10.20000000,100,2024-05-01 05:53:57.896134,maker
P-ETH-2700-030524,7.60000000,411,2024-05-01 05:54:09.664381,maker
P-ETH-3000-010524,24.40000000,1,2024-05-01 05:54:37.608397,taker
P-ETH-2920-010524,2.00000000,100,2024-05-01 05:54:48.077912,taker
P-ETH-2860-020524,8.80000000,200,2024-05-01 05:55:12.984605,maker
C-ETH-3020-020524,30.30000000,150,2024-05-01 05:55:37.388369,maker
C-ETH-3140-020524,4.70000000,169,2024-05-01 05:55:41.849101,maker
C-ETH-3020-020524,31.30000000,16,2024-05-01 05:56:01.888070,taker
P-ETH-2800-020524,4.51000000,1000,2024-05-01 05:57:27.531118,maker
P-ETH-2960-010524,6.10000000,500,2024-05-01 05:57:27.593827,maker
P-ETH-3000-010524,18.00000000,5,2024-05-01 05:57:34.685419,maker
P-ETH-2900-010524,0.01000000,1,2024-05-01 05:57:59.928784,maker
C-ETH-3020-010524,6.60000000,2213,2024-05-01 05:59:02.052369,taker
C-ETH-3020-020524,32.20000000,17,2024-05-01 05:59:26.556178,maker
P-ETH-3000-010524,19.00000000,15,2024-05-01 05:59:41.067530,maker
C-ETH-3000-030524,58.10000000,9,2024-05-01 05:59:54.629241,maker
C-ETH-3020-030524,48.40000000,5,2024-05-01 06:00:23.400760,taker
C-ETH-3020-010524,6.90000000,327,2024-05-01 06:00:25.461955,taker
C-ETH-3020-010524,6.60000000,219,2024-05-01 06:00:26.520159,maker
C-ETH-3020-010524,6.60000000,78,2024-05-01 06:00:39.657161,maker
C-ETH-3020-010524,6.60000000,78,2024-05-01 06:00:39.978461,maker
C-ETH-3020-010524,6.60000000,70,2024-05-01 06:00:40.311790,maker
C-ETH-3020-010524,6.60000000,70,2024-05-01 06:00:40.614764,maker
C-ETH-3020-010524,6.60000000,70,2024-05-01 06:00:40.944801,maker
C-ETH-3020-010524,6.60000000,70,2024-05-01 06:00:41.169137,maker
C-ETH-3020-010524,6.60000000,73,2024-05-01 06:00:41.458839,maker
C-ETH-3020-010524,6.60000000,73,2024-05-01 06:00:41.802061,maker
C-ETH-3020-010524,6.60000000,73,2024-05-01 06:00:42.121315,maker
C-ETH-3020-010524,6.60000000,73,2024-05-01 06:00:42.462532,maker
C-ETH-3020-010524,6.60000000,73,2024-05-01 06:00:42.764631,maker
C-ETH-3020-010524,6.60000000,73,2024-05-01 06:00:43.380305,maker
C-ETH-3020-010524,6.60000000,73,2024-05-01 06:00:43.630297,maker
C-ETH-3020-010524,6.60000000,308,2024-05-01 06:01:17.230990,maker
C-ETH-3100-010524,0.10000000,48,2024-05-01 06:01:44.500847,maker
C-ETH-3000-030524,56.10000000,17,2024-05-01 06:02:09.624730,taker
C-ETH-3000-030524,56.40000000,17,2024-05-01 06:02:39.395826,maker
C-ETH-3100-010524,0.10000000,100,2024-05-01 06:02:50.137040,maker
P-ETH-3040-010524,51.70000000,31,2024-05-01 06:03:33.592906,maker
C-ETH-3040-010524,1.36000000,10,2024-05-01 06:03:39.600059,maker
C-ETH-3040-010524,1.20000000,1,2024-05-01 06:03:39.600104,maker
P-ETH-3020-020524,60.30000000,10,2024-05-01 06:03:59.086576,taker
C-ETH-2980-010524,22.20000000,3,2024-05-01 06:04:31.680950,taker
C-ETH-3060-020524,18.00000000,50,2024-05-01 06:05:57.445295,maker
C-ETH-2980-010524,18.50000000,3,2024-05-01 06:06:38.156098,maker
C-ETH-3020-020524,29.30000000,50,2024-05-01 06:07:29.584416,maker
C-ETH-3000-010524,10.90000000,1,2024-05-01 06:07:40.772648,taker
C-ETH-3020-020524,31.10000000,134,2024-05-01 06:09:40.253403,taker
P-ETH-3020-020524,63.30000000,10,2024-05-01 06:10:14.540035,taker
C-ETH-3050-100524,92.90000000,600,2024-05-01 06:10:15.240466,taker
C-ETH-3600-310524,44.40000000,100,2024-05-01 06:10:23.132854,maker
P-ETH-3000-010524,22.78000000,30,2024-05-01 06:11:24.245423,maker
C-ETH-3100-100524,75.10000000,601,2024-05-01 06:11:28.751840,taker
C-ETH-2980-010524,21.80000000,3,2024-05-01 06:12:14.829705,taker
P-ETH-2960-010524,5.90000000,500,2024-05-01 06:12:59.040900,maker
P-ETH-2900-010524,1.00000000,64,2024-05-01 06:14:30.776666,taker
P-ETH-2980-010524,14.10000000,521,2024-05-01 06:14:48.310251,maker
C-ETH-3020-010524,3.40000000,3374,2024-05-01 06:16:26.076492,maker
C-ETH-3020-010524,2.82000000,313,2024-05-01 06:16:26.077287,maker
P-ETH-2920-010524,1.80000000,50,2024-05-01 06:16:51.569153,taker
P-ETH-2960-010524,6.90000000,10,2024-05-01 06:16:53.768025,taker
P-ETH-3020-010524,35.70000000,20,2024-05-01 06:16:56.488262,maker
P-ETH-2980-010524,13.30000000,20,2024-05-01 06:16:59.677314,taker
P-ETH-3040-010524,52.50000000,10,2024-05-01 06:17:03.968427,maker
C-ETH-3100-020524,9.00000000,10,2024-05-01 06:17:24.572469,maker
C-ETH-2980-020524,49.50000000,898,2024-05-01 06:17:41.323963,taker
C-ETH-3000-020524,39.70000000,598,2024-05-01 06:18:12.932773,taker
C-ETH-3000-010524,11.00000000,1,2024-05-01 06:20:27.499771,taker
C-ETH-2980-010524,17.20000000,3,2024-05-01 06:21:04.400153,maker
P-ETH-2960-010524,7.30000000,1,2024-05-01 06:21:48.777092,taker
P-ETH-3000-010524,27.80000000,30,2024-05-01 06:24:36.601436,taker
P-ETH-3000-020524,56.80000000,200,2024-05-01 06:26:17.313080,taker
P-ETH-3040-010524,64.00000000,1,2024-05-01 06:26:19.385066,taker
C-ETH-3000-020524,36.00000000,100,2024-05-01 06:26:19.444920,maker
C-ETH-3040-020524,21.70000000,30,2024-05-01 06:26:30.968225,taker
P-ETH-2960-010524,9.00000000,200,2024-05-01 06:27:20.088363,taker
C-ETH-2920-010524,59.00000000,10,2024-05-01 06:27:22.491542,maker
C-ETH-3200-020524,2.00000000,60,2024-05-01 06:27:22.838862,maker
P-ETH-2980-010524,19.30000000,2,2024-05-01 06:27:51.569072,maker
P-ETH-3000-010524,34.40000000,100,2024-05-01 06:27:52.309370,taker
P-ETH-3020-020524,73.90000000,10,2024-05-01 06:27:54.800192,taker
P-ETH-2980-010524,19.40000000,1,2024-05-01 06:28:09.012648,taker
C-ETH-3000-010524,5.80000000,7,2024-05-01 06:28:36.802578,maker
C-ETH-3040-010524,0.40000000,23,2024-05-01 06:28:58.714238,maker
P-ETH-2960-010524,9.40000000,1,2024-05-01 06:29:01.256773,maker
P-ETH-2980-010524,21.60000000,6,2024-05-01 06:29:22.836443,taker
P-ETH-3020-010524,52.60000000,133,2024-05-01 06:29:27.851951,taker
P-ETH-2980-010524,21.30000000,9,2024-05-01 06:29:54.564396,taker
C-ETH-2940-010524,36.30000000,5,2024-05-01 06:31:04.477542,maker
C-ETH-2900-030524,111.20000000,1,2024-05-01 06:31:11.213195,taker
C-ETH-3000-010524,5.00000000,16,2024-05-01 06:31:24.289135,maker
C-ETH-3000-010524,4.30000000,44,2024-05-01 06:31:24.289206,maker
C-ETH-2980-010524,11.10000000,1,2024-05-01 06:31:34.732018,maker
P-ETH-3100-100524,196.80000000,5,2024-05-01 06:31:43.313635,taker
P-ETH-2850-100524,77.90000000,1,2024-05-01 06:31:59.498663,taker
C-ETH-3050-030524,29.20000000,3,2024-05-01 06:32:31.500987,maker
C-ETH-2940-010524,31.70000000,8,2024-05-01 06:32:37.469970,maker
P-ETH-3000-020524,63.70000000,16,2024-05-01 06:33:32.756309,maker
P-ETH-3000-010524,38.80000000,30,2024-05-01 06:33:33.791288,taker
P-ETH-3000-010524,38.80000000,34,2024-05-01 06:33:35.687813,maker
P-ETH-2900-010524,1.20000000,3,2024-05-01 06:33:56.022425,maker
C-ETH-3000-010524,5.00000000,118,2024-05-01 06:34:32.552776,taker
C-ETH-3220-020524,0.70000000,100,2024-05-01 06:34:37.408057,maker
C-ETH-3120-010524,0.01000000,150,2024-05-01 06:34:37.410910,maker
C-ETH-3040-010524,0.10000000,25,2024-05-01 06:34:37.418452,maker
P-ETH-3040-010524,68.70000000,1,2024-05-01 06:35:24.798773,maker
P-ETH-2940-010524,5.10000000,75,2024-05-01 06:35:49.417510,maker
P-ETH-2980-010524,20.00000000,30,2024-05-01 06:36:07.973014,taker
P-ETH-2940-010524,6.50000000,220,2024-05-01 06:36:10.568181,taker
P-ETH-2940-010524,6.60000000,20,2024-05-01 06:36:19.123883,taker
P-ETH-2940-010524,6.70000000,1,2024-05-01 06:36:26.363804,taker
C-ETH-2860-010524,110.60000000,2,2024-05-01 06:36:55.392450,maker
C-ETH-3140-020524,5.10000000,100,2024-05-01 06:37:35.260710,taker
P-ETH-2600-100524,34.60000000,33,2024-05-01 06:39:14.572994,taker
C-ETH-2980-010524,13.60000000,1,2024-05-01 06:40:20.401369,taker
C-ETH-2980-010524,13.00000000,30,2024-05-01 06:40:27.730157,maker
P-ETH-2800-100524,61.80000000,1,2024-05-01 06:40:53.979635,maker
C-ETH-3000-030524,52.20000000,20,2024-05-01 06:42:14.085257,taker
P-ETH-3000-010524,35.40000000,97,2024-05-01 06:46:31.794023,taker
C-ETH-3020-010524,2.00000000,1543,2024-05-01 06:47:19.246041,maker
C-ETH-3040-010524,0.90000000,900,2024-05-01 06:47:48.292812,taker
C-ETH-3040-010524,0.90000000,100,2024-05-01 06:47:57.047743,taker
C-ETH-3100-010524,0.30000000,200,2024-05-01 06:48:12.488395,taker
C-ETH-3060-010524,0.50000000,150,2024-05-01 06:48:38.640199,taker
P-ETH-2980-010524,24.50000000,1,2024-05-01 06:48:54.902206,maker
P-ETH-2980-010524,25.00000000,5,2024-05-01 06:49:07.721947,taker
C-ETH-3100-020524,7.50000000,700,2024-05-01 06:49:11.711950,maker
P-ETH-2980-010524,24.50000000,521,2024-05-01 06:49:13.833181,maker
C-ETH-3020-010524,0.90000000,1,2024-05-01 06:49:17.941060,maker
C-ETH-3020-030524,38.50000000,572,2024-05-01 06:49:29.667858,taker
C-ETH-2960-010524,19.90000000,2,2024-05-01 06:50:15.147693,taker
P-ETH-2960-010524,14.30000000,5,2024-05-01 06:50:57.380785,maker
C-ETH-2960-020524,50.00000000,325,2024-05-01 06:51:29.302965,maker
P-ETH-3020-010524,56.10000000,36,2024-05-01 06:52:05.185128,maker
C-ETH-3000-010524,3.30000000,1,2024-05-01 06:52:07.988051,maker
P-ETH-2980-020524,56.50000000,23,2024-05-01 06:52:56.852153,taker
C-ETH-2960-010524,21.00000000,26,2024-05-01 06:53:18.912066,taker
P-ETH-2960-010524,14.00000000,104,2024-05-01 06:53:24.146468,taker
C-ETH-3000-010524,3.30000000,1,2024-05-01 06:53:50.308327,maker
P-ETH-2960-010524,14.20000000,5,2024-05-01 06:53:54.198785,maker
P-ETH-2900-030524,40.10000000,1,2024-05-01 06:54:50.733099,maker
P-ETH-3000-010524,42.00000000,7,2024-05-01 06:54:51.019891,maker
C-ETH-2980-010524,9.00000000,25,2024-05-01 06:55:27.450128,maker
P-ETH-2980-020524,59.00000000,7,2024-05-01 06:55:31.591733,taker
P-ETH-3020-010524,64.00000000,3,2024-05-01 06:55:55.357644,taker
C-ETH-2840-010524,114.20000000,19,2024-05-01 06:56:09.428105,maker
P-ETH-3020-010524,65.30000000,150,2024-05-01 06:56:11.323082,taker
P-ETH-3040-010524,84.90000000,60,2024-05-01 06:56:11.325728,taker
P-ETH-2980-010524,31.10000000,30,2024-05-01 06:56:11.328104,taker
C-ETH-3000-010524,3.80000000,140,2024-05-01 06:57:08.100601,taker
C-ETH-3120-010524,0.01000000,40,2024-05-01 06:57:10.629618,maker
P-ETH-2960-010524,18.70000000,104,2024-05-01 06:57:30.787871,maker
P-ETH-2960-010524,20.50000000,200,2024-05-01 06:57:31.349067,taker
P-ETH-2980-010524,30.70000000,242,2024-05-01 06:57:37.267849,maker
C-ETH-2940-020524,58.00000000,24,2024-05-01 06:58:08.259920,maker
C-ETH-2940-010524,28.00000000,15,2024-05-01 06:58:44.029148,taker
P-ETH-2940-010524,10.62000000,76,2024-05-01 06:59:06.899450,taker
C-ETH-2940-010524,25.22000000,27,2024-05-01 06:59:20.365299,maker
P-ETH-3000-010524,51.80000000,97,2024-05-01 06:59:20.735725,taker
P-ETH-2800-020524,8.50000000,1000,2024-05-01 06:59:21.432707,maker
P-ETH-3080-010524,131.20000000,1,2024-05-01 06:59:23.455207,taker
C-ETH-2980-020524,36.30000000,898,2024-05-01 06:59:34.848307,maker
P-ETH-2980-020524,62.50000000,7,2024-05-01 06:59:49.199968,taker
C-ETH-3040-010524,0.70000000,11,2024-05-01 07:00:09.804061,taker
P-ETH-2960-010524,21.50000000,17,2024-05-01 07:00:24.599995,taker
P-ETH-2960-010524,21.30000000,21,2024-05-01 07:00:40.664024,taker
P-ETH-2800-020524,10.00000000,5,2024-05-01 07:00:40.835962,taker
P-ETH-2800-020524,10.00000000,2513,2024-05-01 07:00:40.836020,taker
P-ETH-2800-020524,10.00000000,121,2024-05-01 07:00:40.894690,maker
P-ETH-2960-010524,20.40000000,10,2024-05-01 07:00:53.619008,maker
P-ETH-2800-020524,10.70000000,142,2024-05-01 07:01:04.056569,maker
P-ETH-2300-310524,50.00000000,100,2024-05-01 07:01:06.913167,taker
C-ETH-5200-310524,8.10000000,100,2024-05-01 07:01:18.641942,taker
C-ETH-3020-010524,1.30000000,1,2024-05-01 07:01:28.365930,taker
P-ETH-2960-020524,54.30000000,18,2024-05-01 07:01:37.098381,maker
C-ETH-2960-020524,47.20000000,159,2024-05-01 07:01:52.048384,taker
C-ETH-3000-010524,1.80000000,6,2024-05-01 07:02:20.462204,maker
C-ETH-3060-010524,0.02000000,10,2024-05-01 07:02:40.520027,maker
P-ETH-2940-010524,11.00000000,15,2024-05-01 07:03:08.547708,maker
P-ETH-3000-010524,48.50000000,37,2024-05-01 07:03:37.412030,maker
C-ETH-2960-010524,12.60000000,2,2024-05-01 07:03:39.048347,maker
P-ETH-3020-010524,67.10000000,2,2024-05-01 07:03:51.076114,maker
P-ETH-2960-010524,22.20000000,1,2024-05-01 07:03:51.112506,taker
P-ETH-2900-010524,3.80000000,380,2024-05-01 07:03:52.800901,taker
P-ETH-2900-010524,3.70000000,49,2024-05-01 07:04:04.191607,taker
P-ETH-2900-010524,4.50000000,14,2024-05-01 07:04:54.260984,taker
P-ETH-2840-020524,15.00000000,5,2024-05-01 07:05:04.595009,taker
P-ETH-3040-010524,99.70000000,31,2024-05-01 07:05:04.808898,taker
P-ETH-2980-010524,46.00000000,18,2024-05-01 07:05:41.306398,maker
C-ETH-3250-100524,26.20000000,2,2024-05-01 07:05:47.116553,maker
C-ETH-3000-020524,24.70000000,5,2024-05-01 07:05:53.031910,maker
P-ETH-2960-010524,28.40000000,25,2024-05-01 07:06:00.373193,maker
C-ETH-3440-020524,0.40000000,500,2024-05-01 07:06:26.138953,taker
C-ETH-2980-010524,2.40000000,7,2024-05-01 07:06:27.136187,maker
P-ETH-2840-010524,0.70000000,1,2024-05-01 07:06:48.020614,taker
P-ETH-2900-010524,7.30000000,1,2024-05-01 07:06:48.173679,taker
C-ETH-3000-010524,0.50000000,56,2024-05-01 07:06:58.627962,maker
C-ETH-3000-010524,0.50000000,118,2024-05-01 07:07:06.542775,maker
P-ETH-2840-010524,0.70000000,12,2024-05-01 07:07:10.845426,taker
C-ETH-3020-030524,32.80000000,572,2024-05-01 07:07:12.696004,taker
P-ETH-2960-010524,32.30000000,1,2024-05-01 07:07:31.219907,maker
P-ETH-2960-010524,32.30000000,13,2024-05-01 07:07:32.156977,maker
P-ETH-2800-030524,27.50000000,5,2024-05-01 07:07:32.533102,taker
P-ETH-2960-010524,32.30000000,21,2024-05-01 07:07:51.039831,maker
P-ETH-2800-100524,78.80000000,1,2024-05-01 07:07:54.188664,taker
P-ETH-2850-030524,41.80000000,5,2024-05-01 07:07:59.508750,taker
C-ETH-3000-020524,24.00000000,100,2024-05-01 07:08:04.088560,maker
P-ETH-2980-020524,79.00000000,14,2024-05-01 07:08:05.824650,taker
P-ETH-2960-020524,73.10000000,3,2024-05-01 07:08:07.855831,taker
P-ETH-2920-010524,16.80000000,26,2024-05-01 07:08:16.808896,taker
P-ETH-2980-010524,59.30000000,1,2024-05-01 07:08:22.219789,taker
C-ETH-2980-010524,1.70000000,30,2024-05-01 07:08:34.599841,maker
P-ETH-3000-010524,84.30000000,7,2024-05-01 07:08:54.292105,maker
P-ETH-2900-010524,17.60000000,1,2024-05-01 07:08:55.916909,taker
P-ETH-2980-010524,72.00000000,20,2024-05-01 07:08:57.492874,taker
C-ETH-3160-020524,2.00000000,66,2024-05-01 07:08:58.100541,maker
P-ETH-2400-280624,92.00000000,10,2024-05-01 07:08:58.174566,taker
C-ETH-3060-010524,0.02000000,110,2024-05-01 07:08:58.280198,maker
P-ETH-2940-020524,84.00000000,5,2024-05-01 07:08:58.503379,taker
P-ETH-2940-010524,38.90000000,100,2024-05-01 07:08:58.548699,maker
P-ETH-2960-010524,60.00000000,10,2024-05-01 07:08:59.362409,taker
C-ETH-3000-010524,0.60000000,6,2024-05-01 07:08:59.744266,taker
P-ETH-2980-030524,110.00000000,12,2024-05-01 07:09:00.254129,taker
P-ETH-2800-030524,40.00000000,50,2024-05-01 07:09:00.554915,taker
P-ETH-2880-010524,9.90000000,370,2024-05-01 07:09:00.608344,taker
P-ETH-2960-010524,60.00000000,15,2024-05-01 07:09:00.610474,taker
P-ETH-3100-010524,216.40000000,3,2024-05-01 07:09:00.635989,taker
P-ETH-2700-030524,27.70000000,411,2024-05-01 07:09:00.884914,taker
P-ETH-2920-010524,40.00000000,600,2024-05-01 07:09:01.167074,taker
P-ETH-2920-020524,76.30000000,5,2024-05-01 07:09:01.369340,taker
P-ETH-2840-020524,39.90000000,40,2024-05-01 07:09:01.379621,taker
P-ETH-2880-010524,17.20000000,37,2024-05-01 07:09:01.508702,maker
C-ETH-2840-010524,50.00000000,19,2024-05-01 07:09:01.569105,taker
P-ETH-2980-010524,96.00000000,10,2024-05-01 07:09:02.919196,taker
P-ETH-2900-020524,72.80000000,5,2024-05-01 07:09:03.955431,taker
P-ETH-2960-010524,92.00000000,6,2024-05-01 07:09:04.021653,taker
P-ETH-2300-310524,65.10000000,100,2024-05-01 07:09:04.044156,taker
P-ETH-2980-010524,75.40000000,17,2024-05-01 07:09:09.325665,maker
P-ETH-2800-020524,26.00000000,50,2024-05-01 07:09:10.529933,maker
P-ETH-2960-020524,92.30000000,18,2024-05-01 07:09:12.724909,maker
P-ETH-2980-020524,106.00000000,23,2024-05-01 07:09:12.727357,maker
P-ETH-2960-010524,64.40000000,6,2024-05-01 07:09:24.149648,maker
C-ETH-2860-010524,38.60000000,400,2024-05-01 07:09:24.389932,maker
P-ETH-2880-020524,46.40000000,6,2024-05-01 07:09:28.199239,maker
C-ETH-2900-100524,132.00000000,15,2024-05-01 07:09:31.491818,maker
P-ETH-2800-020524,22.60000000,1391,2024-05-01 07:09:32.532441,maker
C-ETH-2980-010524,1.20000000,1000,2024-05-01 07:09:36.255297,taker
P-ETH-2920-010524,34.60000000,14,2024-05-01 07:09:38.703862,taker
C-ETH-3100-020524,4.80000000,72,2024-05-01 07:09:45.995495,taker
P-ETH-2860-020524,40.80000000,72,2024-05-01 07:09:46.045161,taker
P-ETH-2840-010524,2.80000000,50,2024-05-01 07:09:58.809700,taker
C-ETH-3080-030524,16.50000000,5,2024-05-01 07:10:03.883818,taker
C-ETH-2860-010524,52.10000000,2,2024-05-01 07:10:11.159659,taker
C-ETH-2980-010524,1.10000000,190,2024-05-01 07:10:17.340702,taker
C-ETH-2980-010524,1.50000000,210,2024-05-01 07:10:17.341461,taker
P-ETH-2960-010524,60.10000000,200,2024-05-01 07:10:19.161735,maker
P-ETH-2880-010524,12.90000000,849,2024-05-01 07:10:27.701835,maker
P-ETH-3000-010524,92.60000000,7,2024-05-01 07:10:57.500680,maker
C-ETH-3000-030524,31.20000000,6,2024-05-01 07:11:05.144004,maker
C-ETH-2900-010524,23.60000000,9,2024-05-01 07:11:08.424509,taker
C-ETH-2880-010524,31.90000000,33,2024-05-01 07:11:36.307603,taker
C-ETH-2900-100524,133.80000000,3,2024-05-01 07:11:38.056956,taker
P-ETH-2500-280624,129.70000000,100,2024-05-01 07:11:47.726162,maker
P-ETH-2800-030524,46.90000000,5,2024-05-01 07:11:55.368080,taker
P-ETH-2900-010524,22.00000000,100,2024-05-01 07:12:03.689892,maker
P-ETH-2900-010524,23.10000000,1,2024-05-01 07:12:16.168688,taker
P-ETH-2900-010524,18.40000000,64,2024-05-01 07:12:35.332673,maker
P-ETH-2920-010524,26.50000000,26,2024-05-01 07:13:01.868802,maker
P-ETH-2980-010524,72.77000000,1,2024-05-01 07:13:18.203984,maker
P-ETH-2980-010524,70.77000000,5,2024-05-01 07:13:23.674706,maker
P-ETH-2800-030524,33.80000000,6,2024-05-01 07:13:53.920797,maker
C-ETH-2880-010524,35.30000000,9,2024-05-01 07:13:54.621164,maker
C-ETH-3000-030524,32.70000000,63,2024-05-01 07:13:58.832845,maker
C-ETH-3000-030524,35.00000000,6,2024-05-01 07:14:33.721698,taker
P-ETH-2800-030524,37.70000000,6,2024-05-01 07:14:33.724016,taker
C-ETH-3000-010524,0.80000000,1,2024-05-01 07:14:37.372317,taker
C-ETH-2900-030524,77.00000000,558,2024-05-01 07:14:50.319552,taker
C-ETH-2920-030524,65.00000000,30,2024-05-01 07:14:56.272812,maker
P-ETH-2840-010524,3.70000000,1,2024-05-01 07:15:15.813286,taker
P-ETH-2840-010524,3.80000000,50,2024-05-01 07:15:16.510246,taker
C-ETH-3000-010524,0.70000000,100,2024-05-01 07:15:23.316770,taker
C-ETH-3200-100524,31.00000000,40,2024-05-01 07:15:28.140124,taker
P-ETH-2840-010524,4.00000000,8,2024-05-01 07:15:32.932662,taker
C-ETH-2900-030524,68.20000000,10,2024-05-01 07:15:50.752947,maker
C-ETH-2960-020524,29.20000000,200,2024-05-01 07:15:55.119654,maker
P-ETH-2940-020524,77.60000000,200,2024-05-01 07:15:55.121658,maker
P-ETH-2860-010524,7.50000000,813,2024-05-01 07:16:05.410848,maker
P-ETH-2900-010524,21.70000000,170,2024-05-01 07:16:10.763901,maker
P-ETH-2940-010524,36.30000000,15,2024-05-01 07:16:32.436667,maker
P-ETH-2980-010524,67.20000000,1021,2024-05-01 07:16:34.868003,maker
P-ETH-2920-010524,23.90000000,1906,2024-05-01 07:16:35.055998,maker
P-ETH-2940-010524,35.50000000,1930,2024-05-01 07:16:35.236393,maker
C-ETH-2900-010524,29.40000000,51,2024-05-01 07:16:46.432360,taker
C-ETH-2900-030524,80.00000000,99,2024-05-01 07:16:55.764758,taker
P-ETH-2900-010524,18.30000000,42,2024-05-01 07:17:00.371702,taker
C-ETH-3000-010524,1.00000000,1000,2024-05-01 07:17:02.000974,taker
P-ETH-2980-010524,67.20000000,15,2024-05-01 07:17:02.515880,maker
C-ETH-3040-010524,0.02000000,83,2024-05-01 07:17:16.335214,maker
P-ETH-2960-010524,49.10000000,119,2024-05-01 07:17:16.337665,maker
C-ETH-2920-010524,15.60000000,34,2024-05-01 07:17:30.172124,taker
C-ETH-2900-010524,21.50000000,51,2024-05-01 07:17:31.264684,maker
C-ETH-2880-010524,36.90000000,33,2024-05-01 07:18:01.411671,maker
C-ETH-2960-020524,36.00000000,99,2024-05-01 07:18:23.048162,taker
P-ETH-2940-010524,37.70000000,241,2024-05-01 07:18:24.540069,maker
C-ETH-3040-020524,14.80000000,50,2024-05-01 07:18:53.813363,taker
C-ETH-3000-010524,0.02000000,1,2024-05-01 07:18:55.640935,maker
C-ETH-3000-010524,0.01000000,999,2024-05-01 07:18:55.640995,maker
P-ETH-2840-010524,3.30000000,100,2024-05-01 07:19:10.309601,taker
P-ETH-2840-010524,3.30000000,100,2024-05-01 07:19:25.097318,taker
C-ETH-2860-010524,48.40000000,400,2024-05-01 07:19:45.594585,taker
P-ETH-3060-010524,166.30000000,400,2024-05-01 07:19:45.603681,taker
C-ETH-2900-030524,74.50000000,3,2024-05-01 07:19:51.116366,taker
P-ETH-2900-010524,19.90000000,380,2024-05-01 07:19:51.652779,maker
C-ETH-3120-010524,0.01000000,603,2024-05-01 07:20:02.716467,maker
P-ETH-2860-010524,6.80000000,568,2024-05-01 07:20:05.787826,taker
P-ETH-2860-010524,7.30000000,225,2024-05-01 07:20:05.788653,taker
C-ETH-2900-010524,24.10000000,4,2024-05-01 07:20:06.136195,taker
C-ETH-2900-020524,60.80000000,12,2024-05-01 07:20:06.972315,taker
C-ETH-2900-010524,23.20000000,4,2024-05-01 07:20:12.992920,taker
P-ETH-2920-010524,29.40000000,25,2024-05-01 07:20:15.125360,maker
P-ETH-2860-010524,7.50000000,60,2024-05-01 07:20:20.107767,taker
C-ETH-3020-010524,0.10000000,61,2024-05-01 07:20:54.055655,maker
C-ETH-3000-030524,34.90000000,5,2024-05-01 07:21:00.195909,taker
C-ETH-3100-100524,55.80000000,25,2024-05-01 07:21:02.240645,taker
C-ETH-2900-010524,22.90000000,4,2024-05-01 07:21:05.731064,maker
C-ETH-2900-030524,76.00000000,2,2024-05-01 07:21:33.402342,taker
C-ETH-2920-010524,11.00000000,25,2024-05-01 07:22:17.416193,maker
C-ETH-2900-010524,23.40000000,1,2024-05-01 07:22:19.404189,taker
C-ETH-3250-100524,24.30000000,210,2024-05-01 07:22:35.604049,taker
C-ETH-3140-020524,2.90000000,30,2024-05-01 07:22:40.960665,maker
C-ETH-2900-030524,74.40000000,1,2024-05-01 07:23:14.441595,maker
P-ETH-2850-030524,50.40000000,1,2024-05-01 07:23:14.530376,maker
C-ETH-2900-030524,74.20000000,11,2024-05-01 07:23:14.881113,taker
P-ETH-2600-030524,14.50000000,500,2024-05-01 07:23:15.622581,taker
C-ETH-2900-030524,73.40000000,3,2024-05-01 07:23:17.082043,maker
P-ETH-2860-010524,7.80000000,6,2024-05-01 07:23:24.648909,taker
P-ETH-2920-010524,34.40000000,130,2024-05-01 07:23:26.723569,taker
C-ETH-2920-030524,62.50000000,17,2024-05-01 07:23:39.318847,maker
P-ETH-2960-010524,63.30000000,769,2024-05-01 07:23:51.556602,maker
P-ETH-2880-010524,12.70000000,1,2024-05-01 07:24:19.396273,maker
P-ETH-2880-010524,12.00000000,848,2024-05-01 07:24:19.396357,maker
C-ETH-3020-020524,16.70000000,260,2024-05-01 07:24:22.769960,taker
C-ETH-2920-010524,9.20000000,1183,2024-05-01 07:24:35.344392,maker
C-ETH-2960-020524,31.80000000,69,2024-05-01 07:24:37.065539,taker
P-ETH-2840-010524,3.60000000,850,2024-05-01 07:24:58.759737,maker
C-ETH-2920-010524,9.60000000,10,2024-05-01 07:25:06.708748,maker
C-ETH-2940-010524,5.90000000,38,2024-05-01 07:25:10.631875,taker
P-ETH-2900-010524,21.80000000,170,2024-05-01 07:25:14.738098,maker
P-ETH-3080-010524,189.30000000,1,2024-05-01 07:25:17.488577,taker
C-ETH-3020-020524,16.50000000,10,2024-05-01 07:25:17.492326,taker
C-ETH-3000-020524,20.50000000,500,2024-05-01 07:25:18.289098,maker
P-ETH-3000-010524,103.00000000,15,2024-05-01 07:25:23.698802,taker
C-ETH-3020-020524,16.20000000,8,2024-05-01 07:25:25.355995,taker
P-ETH-2900-010524,27.20000000,1,2024-05-01 07:25:27.361258,taker
C-ETH-2920-010524,8.00000000,462,2024-05-01 07:25:39.910037,maker
C-ETH-2920-010524,7.30000000,4,2024-05-01 07:25:43.355946,maker
P-ETH-2900-010524,25.70000000,42,2024-05-01 07:26:07.028729,maker
C-ETH-2900-030524,66.90000000,5,2024-05-01 07:26:12.326125,maker
C-ETH-2920-010524,8.60000000,25,2024-05-01 07:26:14.256394,taker
C-ETH-2900-030524,65.00000000,120,2024-05-01 07:26:22.069946,maker
C-ETH-2940-010524,1.90000000,27,2024-05-01 07:26:23.056397,maker
P-ETH-2980-010524,102.40000000,6,2024-05-01 07:26:25.339853,maker
C-ETH-2900-030524,61.60000000,3,2024-05-01 07:26:25.937890,maker
C-ETH-2920-010524,5.70000000,1499,2024-05-01 07:26:26.604025,taker
C-ETH-2920-010524,6.20000000,160,2024-05-01 07:26:26.604860,taker
P-ETH-2400-280624,100.00000000,1000,2024-05-01 07:26:27.405260,taker
C-ETH-3300-310524,146.12000000,2,2024-05-01 07:26:32.141028,maker
C-ETH-3100-310524,208.58000000,17,2024-05-01 07:26:32.144178,maker
C-ETH-3200-030524,5.70000000,2,2024-05-01 07:26:32.237934,taker
P-ETH-3200-100524,355.00000000,2,2024-05-01 07:26:32.258806,taker
P-ETH-2920-020524,84.30000000,34,2024-05-01 07:26:32.401985,taker
C-ETH-3100-310524,208.58000000,17,2024-05-01 07:26:32.523575,maker
C-ETH-3300-310524,146.12000000,2,2024-05-01 07:26:32.523867,maker
P-ETH-2840-010524,5.10000000,100,2024-05-01 07:26:37.541469,maker
P-ETH-2840-010524,5.50000000,850,2024-05-01 07:26:43.600845,maker
C-ETH-2880-010524,22.60000000,1287,2024-05-01 07:26:46.551915,taker
C-ETH-2880-010524,23.16000000,725,2024-05-01 07:26:46.552728,taker
P-ETH-2880-010524,22.00000000,18,2024-05-01 07:26:49.674207,maker
C-ETH-2880-010524,22.90000000,158,2024-05-01 07:26:56.708463,taker
C-ETH-2880-010524,25.70000000,3,2024-05-01 07:27:01.700922,taker
P-ETH-2860-010524,11.00000000,483,2024-05-01 07:27:04.343839,taker
P-ETH-2860-010524,11.64000000,269,2024-05-01 07:27:04.344841,taker
C-ETH-2920-010524,5.40000000,34,2024-05-01 07:27:23.276186,maker
P-ETH-2900-010524,28.40000000,1,2024-05-01 07:27:36.277549,maker
P-ETH-2800-020524,26.00000000,400,2024-05-01 07:27:43.400390,maker
P-ETH-2800-020524,25.80000000,295,2024-05-01 07:27:43.400432,maker
P-ETH-2940-010524,56.10000000,8,2024-05-01 07:28:03.608143,maker
P-ETH-2880-010524,16.40000000,21,2024-05-01 07:28:09.736047,taker
P-ETH-2900-010524,25.80000000,50,2024-05-01 07:28:18.992269,taker
P-ETH-2880-010524,15.70000000,1,2024-05-01 07:28:24.345204,taker
P-ETH-3080-010524,179.90000000,1,2024-05-01 07:29:26.172035,maker
C-ETH-3120-010524,0.01000000,2500,2024-05-01 07:29:34.388757,maker
C-ETH-3000-010524,0.60000000,10,2024-05-01 07:30:00.545314,taker
P-ETH-2400-030524,2.80000000,100,2024-05-01 07:30:07.592782,taker
C-ETH-2960-020524,32.50000000,171,2024-05-01 07:30:12.693214,taker
C-ETH-2900-030524,72.50000000,11,2024-05-01 07:30:20.417292,maker
C-ETH-4100-030524,0.30000000,4439,2024-05-01 07:30:20.573567,taker
C-ETH-4100-030524,0.30000000,4438,2024-05-01 07:30:20.636801,maker
C-ETH-4100-030524,0.30000000,3811,2024-05-01 07:30:20.966964,maker
P-ETH-2900-010524,18.90000000,50,2024-05-01 07:31:15.269169,maker
P-ETH-2920-010524,30.20000000,2,2024-05-01 07:31:20.171996,maker
P-ETH-2920-010524,33.90000000,150,2024-05-01 07:31:31.910639,maker
P-ETH-2880-010524,12.50000000,1,2024-05-01 07:31:44.755963,maker
P-ETH-2880-010524,15.90000000,40,2024-05-01 07:31:53.748787,taker
P-ETH-2900-010524,24.70000000,79,2024-05-01 07:32:12.853007,maker
C-ETH-5300-310524,7.30000000,103,2024-05-01 07:32:23.558355,taker
C-ETH-3400-030524,2.30000000,52,2024-05-01 07:32:23.996186,taker
C-ETH-3400-100524,13.60000000,52,2024-05-01 07:32:24.007155,taker
C-ETH-3800-100524,5.20000000,52,2024-05-01 07:32:24.231705,taker
C-ETH-3600-170524,17.10000000,77,2024-05-01 07:32:24.506379,taker
C-ETH-3300-010524,0.30000000,128,2024-05-01 07:32:24.562179,taker
C-ETH-4500-280624,29.90000000,154,2024-05-01 07:32:24.565393,taker
C-ETH-3300-020524,0.70000000,52,2024-05-01 07:32:24.631116,taker
P-ETH-2900-010524,27.30000000,1,2024-05-01 07:32:29.601100,taker
C-ETH-2860-010524,43.40000000,5,2024-05-01 07:33:06.025163,taker
C-ETH-2900-010524,18.80000000,2,2024-05-01 07:33:15.639468,maker
C-ETH-2900-100524,127.50000000,207,2024-05-01 07:33:43.384457,taker
P-ETH-2860-010524,9.80000000,269,2024-05-01 07:33:50.537773,maker
C-ETH-3020-020524,13.30000000,278,2024-05-01 07:34:13.404306,maker
P-ETH-2900-170524,165.30000000,50,2024-05-01 07:34:27.698529,taker
P-ETH-2700-170524,88.50000000,150,2024-05-01 07:34:27.699506,maker
C-ETH-2900-100524,128.20000000,6,2024-05-01 07:34:30.008041,taker
P-ETH-2960-010524,72.00000000,15,2024-05-01 07:34:49.753182,taker
P-ETH-2880-010524,17.00000000,1,2024-05-01 07:34:50.374120,taker
P-ETH-2920-010524,41.90000000,199,2024-05-01 07:35:06.875214,maker
P-ETH-2820-010524,2.30000000,1,2024-05-01 07:35:14.362162,taker
P-ETH-2920-010524,36.30000000,150,2024-05-01 07:35:15.208127,maker
C-ETH-3080-030524,14.20000000,2423,2024-05-01 07:35:24.703910,taker
P-ETH-2960-010524,71.00000000,100,2024-05-01 07:35:37.428944,maker
P-ETH-2940-010524,56.40000000,12,2024-05-01 07:35:52.696372,maker
C-ETH-2900-010524,11.30000000,3,2024-05-01 07:36:30.445964,maker
P-ETH-2820-010524,2.90000000,198,2024-05-01 07:36:35.453058,taker
C-ETH-3240-010524,0.01000000,2,2024-05-01 07:36:36.320131,maker
P-ETH-2900-010524,34.30000000,50,2024-05-01 07:37:01.444862,maker
P-ETH-2840-010524,6.00000000,28,2024-05-01 07:37:10.509218,maker
P-ETH-2800-020524,29.40000000,50,2024-05-01 07:37:11.222579,taker
P-ETH-2840-010524,5.20000000,730,2024-05-01 07:37:32.004174,taker
C-ETH-3000-030524,30.70000000,10,2024-05-01 07:37:39.865688,taker
P-ETH-2920-010524,44.00000000,100,2024-05-01 07:37:43.860094,taker
P-ETH-2880-010524,21.30000000,50,2024-05-01 07:38:07.155440,taker
C-ETH-2980-010524,1.10000000,500,2024-05-01 07:38:14.522528,taker
P-ETH-2880-010524,22.40000000,240,2024-05-01 07:38:37.153432,taker
C-ETH-2820-010524,67.10000000,1,2024-05-01 07:38:46.856443,taker
P-ETH-2860-010524,12.90000000,1,2024-05-01 07:39:10.152434,maker
C-ETH-3060-030524,18.00000000,5,2024-05-01 07:39:12.728392,taker
P-ETH-2850-100524,116.80000000,1,2024-05-01 07:39:14.880668,taker
P-ETH-2920-010524,43.00000000,3614,2024-05-01 07:39:17.627606,taker
P-ETH-2920-010524,43.00000000,3614,2024-05-01 07:39:17.936691,taker
P-ETH-2920-010524,43.00000000,4019,2024-05-01 07:39:17.937868,taker
P-ETH-2920-010524,43.00000000,4036,2024-05-01 07:39:18.944186,taker
P-ETH-2920-010524,43.00000000,896,2024-05-01 07:39:19.130949,taker
C-ETH-3100-010524,0.04000000,31,2024-05-01 07:39:29.140822,maker
C-ETH-3260-010524,0.01000000,400,2024-05-01 07:39:39.209095,maker
C-ETH-3300-010524,0.01000000,200,2024-05-01 07:39:41.861560,maker
P-ETH-2820-010524,3.30000000,207,2024-05-01 07:39:53.432357,taker
P-ETH-2940-010524,53.90000000,50,2024-05-01 07:40:09.073062,maker
C-ETH-3000-020524,17.00000000,20,2024-05-01 07:40:14.242725,taker
P-ETH-2900-010524,25.80000000,4995,2024-05-01 07:40:18.526054,maker
P-ETH-2900-010524,25.60000000,5451,2024-05-01 07:40:18.527047,maker
P-ETH-2900-010524,25.00000000,5451,2024-05-01 07:40:18.964092,taker
P-ETH-2900-010524,25.00000000,5452,2024-05-01 07:40:19.297349,taker
P-ETH-2900-010524,25.00000000,5431,2024-05-01 07:40:19.558742,taker
P-ETH-2860-010524,8.10000000,269,2024-05-01 07:40:19.629190,maker
P-ETH-2900-010524,25.00000000,276,2024-05-01 07:40:20.204172,taker
P-ETH-2880-010524,15.00000000,5846,2024-05-01 07:41:01.395357,taker
P-ETH-2800-020524,23.90000000,348,2024-05-01 07:41:19.581077,maker
P-ETH-2880-010524,15.00000000,4983,2024-05-01 07:41:23.020327,taker
P-ETH-2880-010524,15.00000000,4973,2024-05-01 07:41:26.638935,taker
P-ETH-2860-010524,7.20000000,1,2024-05-01 07:41:29.019910,maker
P-ETH-2880-010524,14.30000000,4957,2024-05-01 07:41:34.289659,maker
P-ETH-2880-010524,14.10000000,5394,2024-05-01 07:41:34.290835,maker
P-ETH-2800-020524,23.10000000,174,2024-05-01 07:42:11.400610,maker
P-ETH-2880-010524,12.40000000,1207,2024-05-01 07:42:18.923717,maker
P-ETH-2820-010524,1.80000000,225,2024-05-01 07:42:41.516039,taker
P-ETH-3000-030524,135.40000000,50,2024-05-01 07:42:55.568761,maker
C-ETH-3500-310524,56.00000000,15,2024-05-01 07:43:08.774566,taker
C-ETH-3200-310524,101.90000000,15,2024-05-01 07:43:19.018928,maker
P-ETH-2900-010524,21.60000000,64,2024-05-01 07:43:19.664160,maker
C-ETH-3000-010524,0.50000000,2417,2024-05-01 07:43:43.152232,taker
C-ETH-3000-010524,0.50000000,2417,2024-05-01 07:43:43.443462,maker
C-ETH-3500-030524,1.10000000,1000,2024-05-01 07:43:52.666371,maker
C-ETH-2980-010524,0.90000000,1593,2024-05-01 07:43:57.103987,taker
C-ETH-2980-010524,0.90000000,1594,2024-05-01 07:43:57.252246,maker
C-ETH-2980-010524,0.90000000,1594,2024-05-01 07:43:57.561462,maker
C-ETH-2980-010524,0.90000000,1598,2024-05-01 07:43:57.887374,maker
C-ETH-2980-010524,0.90000000,1598,2024-05-01 07:43:58.143086,maker
C-ETH-2980-010524,0.90000000,1598,2024-05-01 07:43:58.478530,maker
C-ETH-2980-010524,0.90000000,1598,2024-05-01 07:43:58.759291,maker
C-ETH-2980-010524,0.90000000,1617,2024-05-01 07:44:00.862558,maker
C-ETH-2980-010524,0.90000000,1613,2024-05-01 07:44:01.175980,maker
C-ETH-2980-010524,0.90000000,1612,2024-05-01 07:44:01.511222,maker
C-ETH-2980-010524,0.90000000,1594,2024-05-01 07:44:05.981924,maker
C-ETH-2980-010524,0.90000000,1604,2024-05-01 07:44:06.278806,maker
C-ETH-2980-010524,0.90000000,787,2024-05-01 07:44:06.658139,maker
C-ETH-2900-010524,12.70000000,100,2024-05-01 07:44:28.096267,taker
P-ETH-2300-280624,78.00000000,50,2024-05-01 07:45:02.266915,taker
C-ETH-2980-010524,15.50000000,57,2024-05-01 07:45:19.734208,taker
P-ETH-2880-010524,15.00000000,28,2024-05-01 07:45:33.158522,maker
C-ETH-3080-030524,14.20000000,85,2024-05-01 07:45:34.098875,taker
P-ETH-3120-010524,233.00000000,100,2024-05-01 07:45:34.165738,maker
C-ETH-3080-030524,14.20000000,85,2024-05-01 07:45:34.372128,taker
C-ETH-3080-030524,14.20000000,85,2024-05-01 07:45:34.690104,taker
C-ETH-3080-030524,14.20000000,85,2024-05-01 07:45:35.316340,taker
P-ETH-2920-010524,35.00000000,199,2024-05-01 07:45:39.203325,taker
C-ETH-2960-010524,1.50000000,2361,2024-05-01 07:46:30.605940,maker
C-ETH-2960-010524,1.50000000,2366,2024-05-01 07:46:30.913039,maker
C-ETH-2960-010524,1.50000000,2367,2024-05-01 07:46:31.174515,maker
C-ETH-2960-010524,1.50000000,2367,2024-05-01 07:46:31.493336,maker
C-ETH-2960-010524,1.50000000,2332,2024-05-01 07:46:42.297164,maker
C-ETH-2960-010524,1.50000000,2337,2024-05-01 07:46:42.630520,maker
C-ETH-2960-010524,1.50000000,2342,2024-05-01 07:46:56.743695,maker
C-ETH-2960-010524,1.50000000,2343,2024-05-01 07:46:57.039709,maker
P-ETH-3000-010524,118.30000000,1,2024-05-01 07:47:06.259572,maker
P-ETH-3120-010524,246.80000000,100,2024-05-01 07:47:43.198518,taker
C-ETH-2880-010524,19.00000000,1973,2024-05-01 07:48:54.520748,taker
C-ETH-2880-010524,19.40000000,59,2024-05-01 07:48:59.008032,taker
C-ETH-2880-010524,19.10000000,1,2024-05-01 07:49:04.004645,taker
C-ETH-3060-010524,0.02000000,5,2024-05-01 07:49:56.440566,maker
C-ETH-3060-010524,0.01000000,195,2024-05-01 07:49:56.440635,maker
P-ETH-2980-020524,117.40000000,20,2024-05-01 07:50:38.609438,maker
P-ETH-2400-030524,4.00000000,1,2024-05-01 07:50:44.475118,taker
P-ETH-2400-030524,4.00000000,1,2024-05-01 07:50:55.865263,taker
P-ETH-2400-030524,4.00000000,15,2024-05-01 07:51:17.525528,taker
P-ETH-2400-030524,4.00000000,50,2024-05-01 07:51:24.881678,taker
P-ETH-2980-020524,125.60000000,20,2024-05-01 07:51:41.748744,taker
P-ETH-2920-010524,47.60000000,148,2024-05-01 07:51:43.409328,taker
P-ETH-2920-010524,42.80000000,130,2024-05-01 07:51:43.624505,maker
P-ETH-2880-030524,73.30000000,18,2024-05-01 07:52:21.992656,maker
C-ETH-2940-010524,2.70000000,3,2024-05-01 07:52:39.136342,maker
C-ETH-2880-010524,18.80000000,9,2024-05-01 07:53:00.205122,taker
P-ETH-2880-030524,77.30000000,18,2024-05-01 07:53:15.464070,taker
C-ETH-2900-010524,7.70000000,200,2024-05-01 07:53:29.733853,taker
P-ETH-2860-030524,67.60000000,4,2024-05-01 07:53:51.612927,taker
C-ETH-2880-010524,18.00000000,14,2024-05-01 07:54:16.070874,maker
C-ETH-2900-010524,10.90000000,100,2024-05-01 07:54:32.664511,taker
P-ETH-2860-010524,11.40000000,401,2024-05-01 07:54:42.684726,taker
P-ETH-2860-010524,12.05000000,599,2024-05-01 07:54:42.685918,taker
C-ETH-2800-010524,78.10000000,24,2024-05-01 07:54:45.504414,maker
P-ETH-2840-010524,5.90000000,100,2024-05-01 07:54:55.144569,taker
C-ETH-2880-010524,19.90000000,147,2024-05-01 07:55:16.815964,taker
C-ETH-3140-020524,2.40000000,100,2024-05-01 07:55:20.095020,maker
C-ETH-2880-010524,20.50000000,39,2024-05-01 07:55:24.060359,taker
C-ETH-2880-010524,20.30000000,16,2024-05-01 07:55:28.512598,taker
C-ETH-4100-030524,0.40000000,674,2024-05-01 07:55:29.246301,taker
C-ETH-2880-010524,20.00000000,1,2024-05-01 07:55:33.027983,taker
C-ETH-3800-100524,5.30000000,637,2024-05-01 07:55:57.358767,taker
C-ETH-3500-030524,2.10000000,337,2024-05-01 07:56:11.609402,taker
P-ETH-2840-010524,6.30000000,14,2024-05-01 07:56:22.435931,taker
P-ETH-2800-030524,43.10000000,300,2024-05-01 07:56:48.843459,taker
C-ETH-3260-010524,0.01000000,175,2024-05-01 07:56:50.132483,maker
P-ETH-2860-010524,12.80000000,234,2024-05-01 07:57:08.892802,taker
C-ETH-2950-100524,98.90000000,30,2024-05-01 07:57:11.352810,taker
C-ETH-2880-010524,17.00000000,11,2024-05-01 07:57:18.547854,maker
C-ETH-2880-010524,16.90000000,15,2024-05-01 07:57:21.037413,taker
C-ETH-2880-010524,16.02000000,160,2024-05-01 07:58:03.221515,maker
C-ETH-2940-010524,2.00000000,200,2024-05-01 07:58:03.817015,maker
P-ETH-2880-020524,65.60000000,15,2024-05-01 07:58:04.927931,taker
P-ETH-2860-010524,13.10000000,1000,2024-05-01 07:58:21.152658,maker
C-ETH-2900-100524,116.90000000,1,2024-05-01 07:58:32.127823,maker
C-ETH-2940-010524,1.75000000,100,2024-05-01 07:59:15.692735,maker
P-ETH-2880-010524,29.30000000,1,2024-05-01 07:59:16.013108,taker
C-ETH-2900-010524,7.00000000,100,2024-05-01 07:59:16.196379,maker
P-ETH-2920-010524,60.00000000,148,2024-05-01 07:59:17.761534,taker
P-ETH-2800-030524,50.00000000,1,2024-05-01 07:59:18.983082,taker
P-ETH-2800-030524,52.70000000,2477,2024-05-01 07:59:18.983130,taker
P-ETH-2800-030524,55.67000000,2809,2024-05-01 07:59:18.983920,taker
P-ETH-2800-030524,59.22000000,2713,2024-05-01 07:59:18.984717,taker
C-ETH-2880-010524,15.80000000,18,2024-05-01 07:59:41.692149,taker
P-ETH-2900-010524,36.40000000,1,2024-05-01 07:59:42.636196,maker
P-ETH-2800-030524,50.00000000,420,2024-05-01 07:59:52.342646,maker
C-ETH-2900-010524,5.50000000,1,2024-05-01 08:00:17.777076,maker
P-ETH-2840-010524,10.00000000,14,2024-05-01 08:00:29.566691,taker
P-ETH-2880-010524,31.40000000,1,2024-05-01 08:00:32.568275,taker
P-ETH-2900-010524,37.50000000,1,2024-05-01 08:01:09.343699,maker
C-ETH-3300-310524,89.10000000,60,2024-05-01 08:01:32.212207,taker
P-ETH-2940-010524,67.00000000,8,2024-05-01 08:01:35.044810,maker
P-ETH-2880-010524,21.50000000,18,2024-05-01 08:01:38.860497,maker
P-ETH-2880-010524,22.40000000,240,2024-05-01 08:02:20.210566,taker
P-ETH-2840-010524,6.50000000,28,2024-05-01 08:02:20.896452,maker
C-ETH-5300-310524,7.60000000,68,2024-05-01 08:02:52.704360,taker
C-ETH-3400-030524,2.50000000,34,2024-05-01 08:02:52.909855,taker
C-ETH-3400-100524,13.00000000,34,2024-05-01 08:02:52.964570,taker
C-ETH-3800-100524,5.30000000,34,2024-05-01 08:02:53.068622,taker
C-ETH-3600-170524,15.80000000,51,2024-05-01 08:02:53.174103,taker
C-ETH-3300-010524,0.30000000,85,2024-05-01 08:02:53.234546,taker
C-ETH-4500-280624,29.00000000,102,2024-05-01 08:02:53.238892,taker
C-ETH-3300-020524,0.60000000,34,2024-05-01 08:02:53.293824,taker
P-ETH-2800-020524,31.00000000,400,2024-05-01 08:03:07.232942,maker
C-ETH-2900-020524,44.90000000,63,2024-05-01 08:03:29.264728,taker
P-ETH-2820-010524,4.60000000,207,2024-05-01 08:03:43.364737,taker
C-ETH-3080-010524,0.01000000,40,2024-05-01 08:03:46.409627,maker
P-ETH-2700-030524,30.60000000,93,2024-05-01 08:03:46.423488,taker
P-ETH-3100-310524,362.80000000,426,2024-05-01 08:03:46.465553,taker
P-ETH-2880-010524,31.80000000,28,2024-05-01 08:04:21.512746,maker
C-ETH-3020-010524,0.30000000,1,2024-05-01 08:04:22.984350,taker
C-ETH-2980-010524,0.01000000,300,2024-05-01 08:04:33.637865,maker
C-ETH-2860-010524,16.20000000,5,2024-05-01 08:04:51.302017,taker
C-ETH-2940-010524,1.20000000,2264,2024-05-01 08:05:00.396680,taker
C-ETH-2940-010524,1.20000000,2264,2024-05-01 08:05:02.494300,maker
C-ETH-2940-010524,1.20000000,2268,2024-05-01 08:05:04.570593,maker
P-ETH-2900-010524,50.00000000,50,2024-05-01 08:05:07.817556,taker
P-ETH-2600-030524,20.00000000,100,2024-05-01 08:05:07.827778,taker
C-ETH-2940-010524,1.20000000,2270,2024-05-01 08:05:07.835747,maker
C-ETH-2940-010524,1.20000000,2270,2024-05-01 08:05:08.133242,maker
C-ETH-2940-010524,1.20000000,2270,2024-05-01 08:05:08.421045,maker
C-ETH-2940-010524,1.20000000,2271,2024-05-01 08:05:08.750426,maker
C-ETH-2940-010524,1.20000000,2278,2024-05-01 08:05:09.097530,maker
P-ETH-2880-010524,36.20000000,50,2024-05-01 08:05:14.048271,taker
P-ETH-2840-010524,11.30000000,50,2024-05-01 08:05:14.453050,maker
P-ETH-2880-010524,31.60000000,1,2024-05-01 08:05:22.968566,maker
P-ETH-2840-010524,9.40000000,13,2024-05-01 08:05:32.720187,maker
C-ETH-3000-010524,0.90000000,5,2024-05-01 08:05:50.481003,taker
P-ETH-2600-280624,170.30000000,41,2024-05-01 08:05:57.283630,taker
P-ETH-2800-030524,51.30000000,11,2024-05-01 08:05:57.468257,taker
P-ETH-3400-310524,586.60000000,3,2024-05-01 08:05:57.472955,taker
C-ETH-3600-280624,97.50000000,3,2024-05-01 08:05:57.517985,taker
C-ETH-3000-310524,173.50000000,31,2024-05-01 08:05:57.627166,taker
C-ETH-4000-280624,45.00000000,1,2024-05-01 08:05:57.728975,taker
C-ETH-4000-280624,47.00000000,1,2024-05-01 08:05:57.729054,taker
C-ETH-4000-280624,51.40000000,44,2024-05-01 08:05:57.729079,taker
P-ETH-2800-280624,250.00000000,6,2024-05-01 08:05:57.959871,taker
P-ETH-2600-100524,54.10000000,61,2024-05-01 08:05:58.051893,taker
P-ETH-2500-310524,93.80000000,16,2024-05-01 08:05:58.098999,taker
C-ETH-3100-280624,221.70000000,3,2024-05-01 08:05:58.192011,taker
P-ETH-3300-030524,441.00000000,16,2024-05-01 08:05:58.197935,taker
P-ETH-3300-310524,504.00000000,25,2024-05-01 08:05:58.249857,taker
C-ETH-4200-280624,39.70000000,16,2024-05-01 08:05:58.253123,taker
P-ETH-3000-280624,354.00000000,16,2024-05-01 08:05:58.309707,taker
P-ETH-2300-310524,60.90000000,26,2024-05-01 08:05:58.584253,taker
C-ETH-4500-310524,12.50000000,11,2024-05-01 08:05:58.683456,taker
P-ETH-2600-310524,117.60000000,14,2024-05-01 08:05:58.772163,taker
P-ETH-2400-280624,113.20000000,26,2024-05-01 08:05:58.868461,taker
P-ETH-4000-310524,1146.50000000,5,2024-05-01 08:05:58.967289,taker
C-ETH-4000-310524,21.80000000,3,2024-05-01 08:05:59.018649,taker
C-ETH-2880-010524,14.50000000,800,2024-05-01 08:06:02.256244,maker
P-ETH-2800-010524,2.20000000,2214,2024-05-01 08:06:27.088600,taker
P-ETH-2800-010524,2.30000000,1050,2024-05-01 08:06:27.212494,maker
C-ETH-2980-010524,0.01000000,414,2024-05-01 08:06:35.300320,maker
P-ETH-2800-010524,3.60000000,1181,2024-05-01 08:07:31.588201,taker
P-ETH-2800-010524,3.70000000,380,2024-05-01 08:07:55.609770,maker
P-ETH-2800-010524,3.70000000,365,2024-05-01 08:07:55.877002,maker
P-ETH-2800-010524,3.70000000,374,2024-05-01 08:07:57.105236,maker
P-ETH-2800-010524,3.70000000,181,2024-05-01 08:07:57.399503,maker
P-ETH-2900-010524,49.40000000,204,2024-05-01 08:07:57.469370,maker
C-ETH-3100-020524,4.80000000,114,2024-05-01 08:08:06.731872,taker
C-ETH-2860-010524,20.00000000,10,2024-05-01 08:08:07.914240,taker
P-ETH-2800-010524,4.20000000,295,2024-05-01 08:08:53.732146,taker
C-ETH-3150-030524,8.00000000,120,2024-05-01 08:08:55.708703,taker
C-ETH-3080-030524,13.90000000,100,2024-05-01 08:09:03.451770,taker
P-ETH-2940-010524,83.10000000,6,2024-05-01 08:09:37.817804,taker
P-ETH-2860-010524,19.00000000,1,2024-05-01 08:09:43.180461,taker
C-ETH-3000-010524,0.40000000,500,2024-05-01 08:09:51.245142,taker
P-ETH-2800-020524,33.50000000,50,2024-05-01 08:10:01.068950,maker
C-ETH-3000-310524,172.10000000,29,2024-05-01 08:10:20.338963,taker
P-ETH-2860-010524,14.70000000,234,2024-05-01 08:10:29.224176,maker
P-ETH-2600-030524,16.60000000,2,2024-05-01 08:10:31.836652,maker
C-ETH-2880-030524,68.80000000,2,2024-05-01 08:10:32.918177,maker
C-ETH-2900-010524,5.20000000,2,2024-05-01 08:10:41.776587,maker
C-ETH-3080-030524,12.30000000,200,2024-05-01 08:11:26.483625,maker
C-ETH-3040-010524,0.02000000,42,2024-05-01 08:11:28.770088,maker
C-ETH-3040-010524,0.01000000,8,2024-05-01 08:11:28.770184,maker
C-ETH-3280-010524,0.01000000,15,2024-05-01 08:11:28.772966,maker
P-ETH-2800-010524,2.10000000,900,2024-05-01 08:11:45.346038,taker
C-ETH-2800-010524,72.50000000,24,2024-05-01 08:12:24.424470,taker
P-ETH-2900-010524,36.10000000,204,2024-05-01 08:12:37.403750,maker
P-ETH-2920-010524,52.30000000,4,2024-05-01 08:12:38.848783,maker
C-ETH-4000-030524,0.40000000,1000,2024-05-01 08:12:48.140327,taker
C-ETH-4000-030524,0.40000000,1000,2024-05-01 08:12:56.621886,taker
C-ETH-4000-030524,0.40000000,1000,2024-05-01 08:13:05.250046,taker
C-ETH-2860-010524,24.80000000,5,2024-05-01 08:13:08.404125,taker
C-ETH-3000-010524,0.02000000,6,2024-05-01 08:13:18.446091,maker
P-ETH-2800-020524,30.30000000,87,2024-05-01 08:13:53.787897,maker
P-ETH-2500-030524,9.20000000,500,2024-05-01 08:14:04.796924,maker
P-ETH-2800-020524,30.20000000,65,2024-05-01 08:14:23.296832,maker
C-ETH-4000-280624,52.00000000,1,2024-05-01 08:15:03.304711,taker
C-ETH-4000-280624,53.00000000,43,2024-05-01 08:15:03.304760,taker
C-ETH-2880-010524,11.00000000,20,2024-05-01 08:15:41.985469,taker
C-ETH-3300-020524,0.60000000,2556,2024-05-01 08:16:28.049620,taker
C-ETH-3300-020524,0.60000000,2556,2024-05-01 08:16:28.246437,maker
C-ETH-3300-020524,0.60000000,888,2024-05-01 08:16:28.535679,maker
C-ETH-4600-310524,11.10000000,4,2024-05-01 08:17:26.500031,taker
P-ETH-2300-310524,61.00000000,2,2024-05-01 08:17:26.557130,taker
P-ETH-2940-020524,108.00000000,2,2024-05-01 08:17:34.072183,taker
C-ETH-4000-030524,0.40000000,1000,2024-05-01 08:17:39.562339,taker
C-ETH-4200-280624,41.50000000,14,2024-05-01 08:17:53.959245,taker
C-ETH-2900-010524,5.50000000,100,2024-05-01 08:18:13.690882,maker
C-ETH-4500-310524,11.80000000,9,2024-05-01 08:18:22.156205,taker
C-ETH-3080-020524,4.90000000,3,2024-05-01 08:18:27.508373,maker
C-ETH-3600-280624,94.00000000,2,2024-05-01 08:18:30.727705,taker
C-ETH-3100-280624,213.80000000,2,2024-05-01 08:18:45.495512,taker
P-ETH-2800-030524,52.10000000,4,2024-05-01 08:18:54.550543,maker
P-ETH-2820-010524,5.60000000,1,2024-05-01 08:18:59.248126,maker
C-ETH-3000-020524,12.00000000,400,2024-05-01 08:19:16.262043,maker
C-ETH-2860-010524,9.90000000,5,2024-05-01 08:19:16.753542,maker
P-ETH-3000-310524,300.80000000,1,2024-05-01 08:19:19.715617,taker
C-ETH-2900-010524,2.50000000,200,2024-05-01 08:19:21.321743,maker
P-ETH-2500-030524,13.60000000,141,2024-05-01 08:19:40.864495,taker
P-ETH-2820-010524,10.70000000,1,2024-05-01 08:19:59.165347,taker
P-ETH-2840-010524,17.15000000,730,2024-05-01 08:20:01.015869,taker
P-ETH-2500-030524,13.90000000,6,2024-05-01 08:20:11.281882,maker
P-ETH-2500-030524,13.70000000,150,2024-05-01 08:20:15.178951,maker
P-ETH-2880-010524,39.10000000,1,2024-05-01 08:20:16.524311,maker
P-ETH-2800-010524,5.80000000,324,2024-05-01 08:20:24.040457,taker
P-ETH-2800-010524,6.80000000,95,2024-05-01 08:20:24.041291,taker
C-ETH-2920-010524,1.50000000,600,2024-05-01 08:20:24.515844,taker
P-ETH-2300-310524,67.30000000,1,2024-05-01 08:20:41.689325,taker
C-ETH-2950-100524,83.00000000,30,2024-05-01 08:21:04.824537,taker
C-ETH-2820-010524,24.20000000,1,2024-05-01 08:21:05.116858,maker
C-ETH-3200-010524,0.01000000,160,2024-05-01 08:21:07.480337,maker
C-ETH-2780-010524,48.70000000,25,2024-05-01 08:21:35.799081,maker
P-ETH-2900-030524,119.50000000,1,2024-05-01 08:21:41.202325,taker
C-ETH-2880-010524,3.50000000,20,2024-05-01 08:21:42.996841,taker
C-ETH-2900-100524,100.00000000,15,2024-05-01 08:21:45.048959,maker
P-ETH-2800-030524,72.30000000,25,2024-05-01 08:21:48.289479,taker
P-ETH-2800-010524,10.00000000,1476,2024-05-01 08:21:50.988999,maker
P-ETH-2600-030524,29.90000000,6,2024-05-01 08:21:52.492557,taker
P-ETH-2840-010524,29.80000000,25,2024-05-01 08:21:53.206349,maker
P-ETH-2800-030524,72.80000000,9,2024-05-01 08:21:54.099880,taker
P-ETH-2860-030524,95.10000000,4,2024-05-01 08:22:01.278917,maker
P-ETH-2800-010524,11.40000000,45,2024-05-01 08:22:02.303526,taker
C-ETH-2940-020524,19.90000000,24,2024-05-01 08:22:03.504354,maker
P-ETH-2800-010524,7.90000000,3264,2024-05-01 08:22:04.664085,maker
P-ETH-2780-010524,4.50000000,17,2024-05-01 08:22:07.076146,taker
P-ETH-2880-010524,50.00000000,40,2024-05-01 08:22:13.351990,maker
C-ETH-3000-010524,0.02000000,147,2024-05-01 08:22:16.925022,maker
P-ETH-2880-010524,48.20000000,100,2024-05-01 08:22:21.827401,maker
C-ETH-3040-010524,0.01000000,127,2024-05-01 08:22:23.903978,maker
P-ETH-2880-020524,86.30000000,15,2024-05-01 08:22:24.301446,maker
P-ETH-2880-010524,48.90000000,1,2024-05-01 08:22:26.952355,maker
P-ETH-2800-010524,5.80000000,419,2024-05-01 08:22:30.712107,maker
P-ETH-2780-010524,4.70000000,2,2024-05-01 08:22:33.369594,taker
P-ETH-2800-010524,8.00000000,1300,2024-05-01 08:22:37.016045,taker
P-ETH-2840-010524,24.70000000,8,2024-05-01 08:22:40.318581,maker
C-ETH-2780-010524,54.40000000,25,2024-05-01 08:22:44.936470,taker
P-ETH-2860-010524,37.10000000,16,2024-05-01 08:22:46.612660,maker
C-ETH-2820-010524,24.00000000,10,2024-05-01 08:22:49.737756,taker
C-ETH-2840-010524,14.70000000,2000,2024-05-01 08:22:51.754839,taker
C-ETH-2960-020524,18.20000000,2,2024-05-01 08:22:55.395863,taker
C-ETH-2920-010524,1.00000000,1828,2024-05-01 08:23:03.192254,taker
C-ETH-2920-010524,1.00000000,1814,2024-05-01 08:23:04.058075,maker
C-ETH-2920-010524,1.00000000,1803,2024-05-01 08:23:10.104827,maker
C-ETH-2920-010524,1.00000000,1803,2024-05-01 08:23:10.364161,maker
C-ETH-2920-010524,1.00000000,1820,2024-05-01 08:23:10.693734,maker
C-ETH-2920-010524,1.00000000,1821,2024-05-01 08:23:11.302483,maker
C-ETH-2920-010524,1.00000000,1827,2024-05-01 08:23:11.986314,maker
C-ETH-2920-010524,1.00000000,1827,2024-05-01 08:23:12.266780,maker
C-ETH-2920-010524,1.00000000,1827,2024-05-01 08:23:12.506005,maker
P-ETH-2780-010524,4.60000000,100,2024-05-01 08:23:16.725912,taker
C-ETH-2840-010524,13.90000000,1000,2024-05-01 08:23:20.286136,taker
P-ETH-2860-010524,42.10000000,20,2024-05-01 08:23:29.088813,taker
P-ETH-2780-010524,4.10000000,6,2024-05-01 08:23:35.912573,maker
C-ETH-2820-010524,22.80000000,10,2024-05-01 08:23:36.053177,maker
C-ETH-3800-100524,5.40000000,200,2024-05-01 08:23:54.816219,taker
P-ETH-2820-010524,16.00000000,1,2024-05-01 08:24:18.260449,taker
P-ETH-2820-020524,55.50000000,200,2024-05-01 08:24:34.784494,taker
P-ETH-2920-010524,78.50000000,14,2024-05-01 08:24:48.408504,maker
C-ETH-2840-010524,19.50000000,129,2024-05-01 08:24:55.084169,taker
P-ETH-2840-020524,63.30000000,150,2024-05-01 08:25:03.103450,maker
C-ETH-2960-020524,20.60000000,151,2024-05-01 08:25:13.943948,taker
P-ETH-2900-010524,60.70000000,10,2024-05-01 08:25:22.790807,maker
P-ETH-2840-010524,18.10000000,50,2024-05-01 08:25:27.080762,maker
C-ETH-3060-020524,6.50000000,200,2024-05-01 08:25:39.569356,maker
P-ETH-2800-020524,42.00000000,21,2024-05-01 08:25:54.600448,maker
C-ETH-2900-010524,3.30000000,400,2024-05-01 08:25:57.507727,taker
C-ETH-2820-030524,90.60000000,2,2024-05-01 08:25:59.505197,taker
P-ETH-2500-030524,14.50000000,52,2024-05-01 08:26:12.925066,taker
P-ETH-2500-030524,14.30000000,3,2024-05-01 08:26:21.976589,taker
P-ETH-2880-010524,43.90000000,1,2024-05-01 08:26:38.228654,taker
C-ETH-2920-010524,1.90000000,15,2024-05-01 08:26:49.368416,taker
C-ETH-3000-010524,0.01000000,25,2024-05-01 08:26:54.584213,maker
C-ETH-2840-020524,66.00000000,200,2024-05-01 08:27:01.623724,maker
C-ETH-2960-020524,20.00000000,100,2024-05-01 08:27:13.674386,taker
P-ETH-2840-010524,17.80000000,33,2024-05-01 08:27:47.516868,taker
C-ETH-2880-010524,7.40000000,10,2024-05-01 08:28:02.881393,taker
C-ETH-2200-280624,732.40000000,10,2024-05-01 08:28:07.519405,maker
C-ETH-3040-030524,17.90000000,5,2024-05-01 08:28:34.354033,taker
P-ETH-2800-010524,5.10000000,17,2024-05-01 08:28:55.904850,taker
C-ETH-4100-030524,0.40000000,1000,2024-05-01 08:29:13.517891,taker
C-ETH-4100-030524,0.40000000,1000,2024-05-01 08:29:37.206010,taker
P-ETH-2800-010524,4.50000000,2,2024-05-01 08:29:41.969028,taker
C-ETH-4100-030524,0.40000000,1000,2024-05-01 08:30:08.111979,taker
P-ETH-2800-010524,4.60000000,76,2024-05-01 08:30:14.848996,maker
C-ETH-2880-030524,56.40000000,5,2024-05-01 08:30:37.120009,maker
P-ETH-2800-010524,1.90000000,17,2024-05-01 08:31:24.687479,maker
C-ETH-3150-100524,35.00000000,200,2024-05-01 08:31:25.487363,taker
P-ETH-2900-310524,235.20000000,10,2024-05-01 08:31:29.472885,taker
P-ETH-2880-010524,31.50000000,21,2024-05-01 08:31:32.347679,maker
P-ETH-2840-010524,10.30000000,33,2024-05-01 08:31:32.624703,maker
P-ETH-2780-010524,0.50000000,3,2024-05-01 08:31:48.144663,maker
P-ETH-2300-310524,53.10000000,30,2024-05-01 08:31:53.204823,maker
C-ETH-2820-010524,39.30000000,10,2024-05-01 08:32:06.584350,taker
C-ETH-2860-010524,14.40000000,31,2024-05-01 08:32:29.844084,taker
C-ETH-4000-310524,15.30000000,50,2024-05-01 08:33:52.032989,maker
P-ETH-2860-010524,24.40000000,20,2024-05-01 08:33:57.360970,maker
P-ETH-2840-010524,15.70000000,34,2024-05-01 08:35:07.157329,taker
P-ETH-2860-010524,23.10000000,4,2024-05-01 08:35:07.788814,maker
P-ETH-2800-010524,3.40000000,185,2024-05-01 08:36:56.196736,maker
C-ETH-2900-010524,3.90000000,2,2024-05-01 08:37:12.120602,taker
P-ETH-2800-010524,1.80000000,76,2024-05-01 08:37:40.264263,maker
P-ETH-2680-020524,10.80000000,50,2024-05-01 08:37:54.059522,maker
C-ETH-2880-010524,6.10000000,10,2024-05-01 08:38:03.012500,maker
C-ETH-3060-020524,5.80000000,500,2024-05-01 08:39:05.941620,maker
C-ETH-2850-100524,138.00000000,5,2024-05-01 08:39:29.664862,taker
P-ETH-2850-100524,129.60000000,5,2024-05-01 08:39:39.406298,taker
C-ETH-2800-020524,93.60000000,2,2024-05-01 08:39:55.652377,taker
C-ETH-2850-100524,137.10000000,5,2024-05-01 08:40:39.577253,taker
P-ETH-2850-100524,130.20000000,5,2024-05-01 08:40:50.201678,taker
C-ETH-2850-100524,137.30000000,10,2024-05-01 08:41:29.145583,taker
P-ETH-2850-100524,128.20000000,10,2024-05-01 08:41:39.756941,taker
C-ETH-4200-310524,12.10000000,1000,2024-05-01 08:42:01.005528,maker
P-ETH-2800-020524,34.50000000,30,2024-05-01 08:42:01.088571,maker
C-ETH-3120-020524,3.20000000,45,2024-05-01 08:42:03.884613,taker
P-ETH-2850-100524,128.20000000,5,2024-05-01 08:42:11.881409,taker
P-ETH-3000-010524,142.80000000,1000,2024-05-01 08:42:23.065601,maker
C-ETH-2850-100524,138.20000000,5,2024-05-01 08:42:25.166434,taker
P-ETH-2600-170524,74.90000000,182,2024-05-01 08:42:26.871035,maker
C-ETH-2900-010524,3.70000000,50,2024-05-01 08:42:51.937698,taker
P-ETH-2780-010524,1.30000000,2,2024-05-01 08:43:47.897070,taker
C-ETH-2860-010524,13.20000000,50,2024-05-01 08:44:30.129368,taker
P-ETH-2880-010524,39.00000000,800,2024-05-01 08:44:34.155859,maker
P-ETH-2960-010524,108.10000000,600,2024-05-01 08:44:46.516740,maker
P-ETH-2800-010524,2.90000000,100,2024-05-01 08:45:14.763272,maker
P-ETH-2860-010524,21.20000000,207,2024-05-01 08:45:30.572053,maker
P-ETH-2680-020524,11.70000000,24,2024-05-01 08:45:44.764561,taker
P-ETH-2900-310524,224.70000000,10,2024-05-01 08:46:21.333026,maker
P-ETH-2860-010524,21.00000000,16,2024-05-01 08:46:37.365609,maker
P-ETH-2840-010524,11.50000000,395,2024-05-01 08:46:46.549115,taker
P-ETH-2860-010524,20.00000000,32,2024-05-01 08:47:54.051288,maker
C-ETH-2880-030524,59.10000000,29,2024-05-01 08:48:12.732425,taker
P-ETH-2780-010524,0.90000000,2,2024-05-01 08:48:13.336351,taker
C-ETH-2900-030524,50.00000000,125,2024-05-01 08:49:30.002049,maker
C-ETH-3100-020524,3.30000000,700,2024-05-01 08:49:30.323810,taker
C-ETH-2900-020524,36.00000000,9,2024-05-01 08:49:47.052961,maker
P-ETH-2600-100524,55.20000000,25,2024-05-01 08:49:47.701990,maker
P-ETH-2860-020524,62.90000000,100,2024-05-01 08:49:53.867212,maker
P-ETH-2800-010524,2.70000000,10,2024-05-01 08:50:12.340177,taker
C-ETH-3100-100524,41.80000000,25,2024-05-01 08:50:21.741567,maker
P-ETH-2840-010524,11.00000000,100,2024-05-01 08:51:08.855720,maker
C-ETH-2880-010524,8.50000000,10,2024-05-01 08:51:29.052634,taker
P-ETH-2840-010524,7.90000000,1,2024-05-01 08:51:36.676667,maker
C-ETH-2800-310524,251.00000000,7,2024-05-01 08:52:45.632145,maker
P-ETH-2800-310524,175.00000000,1,2024-05-01 08:53:22.248526,maker
C-ETH-2820-010524,40.50000000,10,2024-05-01 08:55:17.933700,maker
P-ETH-2860-010524,15.20000000,2,2024-05-01 08:55:36.484502,maker
P-ETH-2860-020524,56.00000000,8,2024-05-01 08:56:06.492947,maker
P-ETH-2860-010524,16.10000000,207,2024-05-01 08:57:02.800706,taker
P-ETH-2840-010524,7.40000000,332,2024-05-01 08:57:23.872361,taker
C-ETH-2880-010524,9.70000000,3,2024-05-01 08:57:32.996145,maker
P-ETH-2840-010524,5.80000000,20,2024-05-01 08:58:21.029166,taker
P-ETH-2840-010524,7.20000000,30,2024-05-01 08:58:21.029222,taker
P-ETH-2900-010524,43.00000000,10,2024-05-01 09:00:08.084574,taker
P-ETH-2860-010524,15.10000000,10,2024-05-01 09:00:10.242672,maker
C-ETH-2860-010524,16.80000000,30,2024-05-01 09:00:21.709397,taker
P-ETH-2800-010524,1.20000000,600,2024-05-01 09:02:30.186408,taker
P-ETH-2800-010524,1.00000000,540,2024-05-01 09:03:18.076191,taker
P-ETH-2860-010524,10.10000000,100,2024-05-01 09:03:52.646403,maker
C-ETH-2900-030524,55.00000000,18,2024-05-01 09:03:56.618437,taker
C-ETH-3100-100524,48.40000000,200,2024-05-01 09:04:05.981604,taker
C-ETH-2860-010524,22.20000000,2,2024-05-01 09:04:07.699690,taker
P-ETH-3000-030524,149.90000000,200,2024-05-01 09:04:13.442039,maker
P-ETH-2860-010524,9.40000000,859,2024-05-01 09:04:29.940523,maker
C-ETH-2860-010524,24.00000000,5,2024-05-01 09:04:43.578062,taker
P-ETH-2880-010524,17.00000000,50,2024-05-01 09:04:44.960391,maker
P-ETH-2600-030524,16.30000000,93,2024-05-01 09:04:46.940506,taker
C-ETH-2860-010524,24.00000000,45,2024-05-01 09:05:00.672461,taker
C-ETH-4500-310524,10.00000000,1000,2024-05-01 09:05:01.850117,taker
P-ETH-2860-010524,8.00000000,291,2024-05-01 09:05:12.400161,maker
P-ETH-2860-010524,8.00000000,2,2024-05-01 09:05:12.400190,maker
P-ETH-2960-010524,77.30000000,6,2024-05-01 09:05:12.657501,maker
P-ETH-2900-010524,28.70000000,271,2024-05-01 09:05:14.916344,taker
P-ETH-3100-030524,225.30000000,12,2024-05-01 09:05:20.951139,maker
P-ETH-3100-100524,257.90000000,12,2024-05-01 09:05:20.953568,maker
P-ETH-3000-100524,188.30000000,13,2024-05-01 09:05:20.955975,maker
P-ETH-3050-030524,182.30000000,9,2024-05-01 09:05:20.958407,maker
P-ETH-2880-010524,14.20000000,49,2024-05-01 09:05:20.960942,maker
P-ETH-2940-010524,58.90000000,100,2024-05-01 09:05:20.964074,maker
P-ETH-2840-010524,2.00000000,345,2024-05-01 09:05:20.971811,maker
P-ETH-2840-020524,35.80000000,70,2024-05-01 09:05:20.981558,maker
P-ETH-2820-010524,0.30000000,423,2024-05-01 09:05:20.983625,maker
C-ETH-3300-030524,4.00000000,4,2024-05-01 09:05:24.579754,taker
C-ETH-2920-010524,4.00000000,1433,2024-05-01 09:05:24.967965,taker
C-ETH-2820-010524,62.80000000,10,2024-05-01 09:05:27.711189,maker
C-ETH-2920-010524,4.00000000,186,2024-05-01 09:05:32.631714,taker
C-ETH-2920-010524,3.90000000,100,2024-05-01 09:05:41.864821,taker
P-ETH-2860-010524,7.00000000,10,2024-05-01 09:05:44.856491,maker
P-ETH-2860-010524,7.00000000,98,2024-05-01 09:06:33.270147,maker
C-ETH-2880-030524,73.00000000,29,2024-05-01 09:06:48.350185,maker
P-ETH-2920-010524,40.00000000,38,2024-05-01 09:07:15.913001,taker
P-ETH-2920-010524,40.00000000,19,2024-05-01 09:07:15.913066,taker
C-ETH-2880-010524,16.50000000,35,2024-05-01 09:07:43.617680,maker
P-ETH-2800-010524,0.05000000,45,2024-05-01 09:07:43.712135,maker
C-ETH-2900-010524,8.50000000,803,2024-05-01 09:07:53.640315,taker
C-ETH-2900-010524,8.20000000,1,2024-05-01 09:08:15.598385,maker
P-ETH-2880-020524,51.90000000,200,2024-05-01 09:08:29.733733,taker
P-ETH-2840-010524,2.10000000,50,2024-05-01 09:08:38.587879,maker
P-ETH-2880-010524,12.00000000,879,2024-05-01 09:08:38.647271,maker
C-ETH-2820-010524,67.50000000,10,2024-05-01 09:08:41.061577,maker
P-ETH-2840-020524,35.40000000,400,2024-05-01 09:08:51.568976,taker
C-ETH-4100-310524,18.90000000,8,2024-05-01 09:08:54.707745,taker
P-ETH-2860-020524,42.80000000,32,2024-05-01 09:08:56.121704,maker
C-ETH-3000-010524,0.40000000,231,2024-05-01 09:08:59.248204,taker
P-ETH-2920-010524,36.80000000,18,2024-05-01 09:09:10.849996,maker
P-ETH-2840-010524,2.40000000,20,2024-05-01 09:09:10.876801,taker
C-ETH-2860-010524,29.70000000,2,2024-05-01 09:09:13.611850,maker
P-ETH-2900-010524,22.00000000,271,2024-05-01 09:09:32.491386,maker
C-ETH-2860-010524,29.70000000,30,2024-05-01 09:09:37.269200,maker
C-ETH-2900-010524,8.40000000,400,2024-05-01 09:09:53.250698,maker
P-ETH-2300-310524,49.30000000,100,2024-05-01 09:10:05.136536,maker
P-ETH-3000-100524,185.30000000,18,2024-05-01 09:10:08.628034,maker
C-ETH-2960-010524,0.80000000,900,2024-05-01 09:10:21.708310,maker
P-ETH-2780-010524,0.40000000,88,2024-05-01 09:10:27.964253,taker
C-ETH-2880-010524,18.00000000,79,2024-05-01 09:10:32.841470,maker
C-ETH-2960-010524,0.80000000,50,2024-05-01 09:10:47.516604,taker
P-ETH-2860-010524,5.50000000,25,2024-05-01 09:10:55.970212,maker
C-ETH-2900-010524,9.30000000,803,2024-05-01 09:10:59.459880,maker
C-ETH-3040-010524,0.30000000,1000,2024-05-01 09:11:26.432060,taker
C-ETH-2920-010524,5.30000000,12,2024-05-01 09:11:33.724043,taker
C-ETH-2880-010524,19.10000000,10,2024-05-01 09:11:42.700551,taker
P-ETH-2860-010524,5.80000000,4,2024-05-01 09:11:57.460319,taker
C-ETH-2840-010524,46.60000000,1000,2024-05-01 09:12:01.648461,taker
C-ETH-3150-030524,6.30000000,500,2024-05-01 09:12:21.719780,taker
C-ETH-2840-010524,44.20000000,500,2024-05-01 09:12:33.657980,maker
C-ETH-2900-020524,48.60000000,158,2024-05-01 09:12:43.948052,taker
C-ETH-2840-010524,45.50000000,500,2024-05-01 09:12:50.746562,maker
P-ETH-2500-030524,5.70000000,500,2024-05-01 09:13:30.009010,maker
P-ETH-2880-020524,55.70000000,100,2024-05-01 09:13:45.968500,maker
P-ETH-2880-010524,15.80000000,10,2024-05-01 09:13:45.983747,taker
P-ETH-2800-010524,0.60000000,700,2024-05-01 09:15:38.368242,taker
P-ETH-2840-010524,2.90000000,200,2024-05-01 09:15:44.152092,taker
P-ETH-2880-010524,14.80000000,1,2024-05-01 09:16:15.584464,maker
C-ETH-2920-010524,2.50000000,11,2024-05-01 09:16:15.687984,taker
P-ETH-2860-010524,5.00000000,116,2024-05-01 09:16:35.380061,maker
P-ETH-2860-020524,44.00000000,400,2024-05-01 09:17:27.442874,maker
P-ETH-3000-100524,195.30000000,18,2024-05-01 09:18:12.349120,taker
C-ETH-3150-170524,66.00000000,10,2024-05-01 09:19:51.297444,taker
C-ETH-2960-010524,0.60000000,693,2024-05-01 09:20:44.224267,taker
P-ETH-2300-310524,50.00000000,100,2024-05-01 09:22:13.094604,taker
P-ETH-2840-010524,2.00000000,257,2024-05-01 09:23:42.619929,taker
P-ETH-2880-010524,12.20000000,39,2024-05-01 09:24:01.589195,taker
P-ETH-2880-010524,11.00000000,100,2024-05-01 09:24:35.343989,maker
P-ETH-2900-010524,19.50000000,15,2024-05-01 09:24:53.184076,maker
P-ETH-2900-020524,58.00000000,18,2024-05-01 09:25:41.547928,taker
C-ETH-3000-020524,15.70000000,20,2024-05-01 09:26:22.407093,maker
C-ETH-3400-310524,60.10000000,100,2024-05-01 09:27:13.748902,maker
C-ETH-2980-010524,0.40000000,250,2024-05-01 09:28:15.956426,taker
C-ETH-3100-310524,142.00000000,150,2024-05-01 09:29:57.054197,maker
P-ETH-2760-010524,0.30000000,1500,2024-05-01 09:30:06.904067,taker
C-ETH-3000-310524,164.60000000,150,2024-05-01 09:30:15.277057,maker
C-ETH-2980-010524,0.40000000,750,2024-05-01 09:30:21.519984,taker
C-ETH-2840-010524,48.00000000,1000,2024-05-01 09:30:50.100946,maker
C-ETH-3200-020524,1.20000000,80,2024-05-01 09:31:27.497301,taker
P-ETH-2900-010524,25.00000000,4,2024-05-01 09:32:28.696983,taker
P-ETH-2900-010524,22.80000000,4,2024-05-01 09:33:31.588085,maker
P-ETH-2800-020524,22.20000000,1000,2024-05-01 09:33:38.513001,maker
C-ETH-2880-010524,11.70000000,10,2024-05-01 09:34:14.724190,maker
P-ETH-2880-010524,12.60000000,100,2024-05-01 09:34:27.084900,maker
P-ETH-2840-010524,2.30000000,153,2024-05-01 09:35:01.664012,taker
C-ETH-2880-010524,12.90000000,7,2024-05-01 09:35:07.908529,maker
C-ETH-2940-010524,0.20000000,4,2024-05-01 09:35:15.252045,maker
C-ETH-3000-010524,0.01000000,140,2024-05-01 09:35:24.084495,maker
C-ETH-2900-010524,5.60000000,9,2024-05-01 09:35:32.015588,maker
P-ETH-2840-010524,0.90000000,100,2024-05-01 09:35:52.200574,maker
C-ETH-2860-010524,23.70000000,5,2024-05-01 09:36:26.908458,maker
P-ETH-2880-010524,12.00000000,20,2024-05-01 09:38:00.447261,maker
C-ETH-2900-010524,6.20000000,139,2024-05-01 09:38:26.985107,maker
P-ETH-2900-020524,66.10000000,24,2024-05-01 09:39:01.269076,maker
P-ETH-2800-100524,95.80000000,312,2024-05-01 09:39:37.020052,maker
P-ETH-2920-010524,43.20000000,100,2024-05-01 09:39:44.170574,maker
P-ETH-2800-100524,94.30000000,69,2024-05-01 09:41:20.024302,maker
C-ETH-2800-010524,77.70000000,15,2024-05-01 09:42:02.887805,maker
C-ETH-2920-010524,1.40000000,1619,2024-05-01 09:43:09.412629,maker
C-ETH-2960-020524,22.00000000,1000,2024-05-01 09:43:27.076159,taker
C-ETH-2860-010524,23.70000000,18,2024-05-01 09:43:45.424752,maker
P-ETH-2880-010524,12.50000000,87,2024-05-01 09:44:13.392045,maker
C-ETH-2880-010524,13.40000000,800,2024-05-01 09:44:28.377158,maker
C-ETH-4000-310524,26.30000000,2,2024-05-01 09:45:40.515098,taker
C-ETH-2860-010524,23.50000000,2,2024-05-01 09:46:02.044949,maker
P-ETH-2840-010524,2.30000000,2,2024-05-01 09:46:12.528690,taker
P-ETH-2880-030524,70.60000000,300,2024-05-01 09:47:01.185808,taker
P-ETH-2880-010524,17.00000000,20,2024-05-01 09:48:35.431870,taker
P-ETH-2880-010524,17.30000000,1111,2024-05-01 09:48:35.431948,taker
P-ETH-2880-010524,18.10000000,790,2024-05-01 09:48:49.351599,taker
P-ETH-2880-010524,18.50000000,429,2024-05-01 09:48:49.352524,taker
C-ETH-2900-010524,2.70000000,6,2024-05-01 09:48:50.771620,maker
P-ETH-2880-010524,16.50000000,879,2024-05-01 09:48:51.023379,maker
C-ETH-2880-010524,9.00000000,1,2024-05-01 09:49:03.757973,taker
P-ETH-2800-010524,0.50000000,2,2024-05-01 09:50:24.028919,taker
P-ETH-2780-010524,0.01000000,6,2024-05-01 09:50:41.168153,maker
P-ETH-2880-010524,13.80000000,2350,2024-05-01 09:51:19.261281,maker
P-ETH-2840-010524,1.30000000,1,2024-05-01 09:51:40.067968,maker
C-ETH-2900-010524,4.80000000,1,2024-05-01 09:52:22.347979,taker
P-ETH-2780-010524,0.30000000,3,2024-05-01 09:52:30.795854,taker
C-ETH-2880-010524,12.50000000,1,2024-05-01 09:52:34.784881,taker
C-ETH-2880-010524,12.30000000,1027,2024-05-01 09:52:46.780080,taker
P-ETH-2900-010524,25.90000000,659,2024-05-01 09:53:07.276172,taker
P-ETH-2900-010524,26.20000000,28,2024-05-01 09:53:13.052458,taker
C-ETH-2900-010524,4.00000000,139,2024-05-01 09:55:21.331708,taker
P-ETH-2840-010524,0.70000000,187,2024-05-01 09:55:29.799525,maker
C-ETH-2880-010524,11.70000000,15,2024-05-01 09:55:55.990299,maker
C-ETH-3040-010524,0.01000000,1,2024-05-01 09:56:38.313815,maker
C-ETH-3000-020524,12.50000000,69,2024-05-01 09:57:06.813777,taker
P-ETH-2860-010524,4.80000000,200,2024-05-01 09:57:30.712191,taker
P-ETH-2860-010524,5.70000000,78,2024-05-01 09:58:49.315560,taker
C-ETH-2900-010524,4.30000000,96,2024-05-01 09:59:11.299565,taker
C-ETH-2880-010524,9.90000000,18,2024-05-01 10:01:13.496171,maker
P-ETH-3060-020524,193.50000000,7,2024-05-01 10:02:59.648052,taker
C-ETH-2840-010524,33.60000000,129,2024-05-01 10:03:23.988073,maker
C-ETH-2880-010524,6.80000000,40,2024-05-01 10:04:14.192004,maker
C-ETH-3000-020524,12.00000000,200,2024-05-01 10:04:18.843934,maker
P-ETH-2900-010524,34.70000000,15,2024-05-01 10:04:19.094860,taker
P-ETH-2860-010524,8.80000000,116,2024-05-01 10:04:19.979866,taker
P-ETH-2860-020524,50.10000000,100,2024-05-01 10:04:30.013786,taker
C-ETH-3000-020524,10.60000000,20,2024-05-01 10:04:48.967316,maker
P-ETH-2860-010524,8.90000000,200,2024-05-01 10:05:12.290867,maker
C-ETH-2900-010524,2.20000000,200,2024-05-01 10:05:38.028246,taker
P-ETH-2880-010524,21.20000000,36,2024-05-01 10:05:42.891989,taker
P-ETH-2880-010524,19.10000000,1,2024-05-01 10:05:57.375847,maker
P-ETH-2860-010524,9.70000000,127,2024-05-01 10:06:20.324071,taker
P-ETH-2880-020524,61.00000000,9,2024-05-01 10:06:24.592044,taker
P-ETH-2840-010524,3.10000000,100,2024-05-01 10:06:30.716572,taker
P-ETH-2880-020524,61.40000000,2,2024-05-01 10:06:40.069231,taker
P-ETH-2880-020524,61.80000000,2,2024-05-01 10:06:51.892170,taker
C-ETH-3200-010524,0.01000000,100,2024-05-01 10:06:59.826130,maker
C-ETH-3100-010524,0.03000000,100,2024-05-01 10:07:24.833071,maker
P-ETH-2880-020524,60.20000000,2,2024-05-01 10:07:30.687890,taker
C-ETH-2880-010524,5.50000000,1027,2024-05-01 10:07:54.065340,maker
P-ETH-2900-010524,36.10000000,156,2024-05-01 10:08:02.832973,taker
P-ETH-2700-100524,71.00000000,11,2024-05-01 10:08:22.936495,maker
C-ETH-2920-010524,0.80000000,2147,2024-05-01 10:08:43.811515,taker
C-ETH-2920-010524,0.90000000,2147,2024-05-01 10:08:43.944692,maker
C-ETH-2920-010524,0.90000000,2146,2024-05-01 10:08:44.325716,maker
C-ETH-2920-010524,0.90000000,2147,2024-05-01 10:08:44.579672,maker
C-ETH-2920-010524,0.90000000,1413,2024-05-01 10:08:44.940090,maker
P-ETH-2880-010524,20.60000000,36,2024-05-01 10:09:01.547686,taker
C-ETH-2900-010524,1.70000000,100,2024-05-01 10:09:37.684590,maker
C-ETH-3000-010524,0.01000000,33,2024-05-01 10:09:47.954656,maker
C-ETH-3020-010524,0.02000000,799,2024-05-01 10:09:47.957946,maker
C-ETH-3020-010524,0.01000000,1137,2024-05-01 10:09:47.958017,maker
C-ETH-2880-010524,5.80000000,7,2024-05-01 10:10:05.148192,taker
P-ETH-2860-010524,9.50000000,200,2024-05-01 10:10:08.435668,maker
C-ETH-2940-010524,0.01000000,100,2024-05-01 10:10:35.356152,maker
P-ETH-2860-010524,9.80000000,369,2024-05-01 10:11:34.785087,taker
C-ETH-2900-010524,1.10000000,12,2024-05-01 10:12:23.032913,maker
