product_symbol,price,size,timestamp,buyer_role
P-ETH-3260-030324,7.80000000,1,2024-03-01 10:58:20.114466,maker
P-ETH-2100-260424,11.80000000,50,2024-03-07 07:21:27.280940,maker
C-ETH-6500-260424,30.10000000,50,2024-03-07 07:22:11.460317,maker
C-ETH-5100-290324,33.20000000,3,2024-03-07 07:47:59.067820,maker
C-ETH-4160-070324,0.01000000,1439,2024-03-07 08:53:09.539697,maker
P-ETH-3160-070324,0.01000000,1439,2024-03-07 08:53:09.540237,maker
P-ETH-2500-260424,22.30000000,50,2024-03-08 01:34:40.016107,taker
C-ETH-4250-080324,0.01000000,1348,2024-03-08 11:27:14.682904,maker
P-ETH-2300-080324,0.01000000,1347,2024-03-08 11:27:14.682926,maker
P-ETH-3360-090324,0.01000000,1368,2024-03-09 10:23:39.409657,maker
C-ETH-4340-090324,0.01000000,1368,2024-03-09 10:23:39.409893,maker
C-ETH-4800-290324,55.00000000,50,2024-03-10 06:27:43.009241,maker
C-ETH-4200-290324,173.40000000,50,2024-03-10 06:27:43.010741,maker
P-ETH-3950-290324,258.60000000,50,2024-03-10 06:27:43.010949,taker
P-ETH-2300-290324,3.80000000,1000,2024-03-10 06:32:49.475474,maker
C-ETH-5100-290324,32.60000000,10,2024-03-10 06:33:12.997278,maker
P-ETH-3500-100324,0.01000000,648,2024-03-10 10:00:35.919693,maker
C-ETH-4280-100324,0.01000000,648,2024-03-10 10:00:35.919917,maker
P-ETH-3700-110324,0.01000000,615,2024-03-11 10:42:10.513093,maker
C-ETH-4400-110324,0.01000000,615,2024-03-11 10:42:10.513094,maker
P-ETH-3600-120324,0.01000000,660,2024-03-12 11:22:22.079495,maker
C-ETH-4240-120324,0.01000000,660,2024-03-12 11:22:22.079612,maker
P-ETH-3740-130324,5.10000000,100,2024-03-12 16:37:12.029404,maker
P-ETH-3740-130324,3.40000000,100,2024-03-12 18:34:27.577872,maker
P-ETH-3560-130324,0.01000000,700,2024-03-13 11:17:56.403400,maker
C-ETH-4360-130324,0.01000000,699,2024-03-13 11:17:56.403669,maker
C-ETH-4000-140324,7.90000000,1,2024-03-14 08:25:33.257262,maker
C-ETH-4000-140324,11.80000000,1,2024-03-14 09:29:48.054167,taker
C-ETH-4000-140324,6.90000000,2,2024-03-14 10:05:02.820748,taker
C-ETH-4100-150324,3.20000000,150,2024-03-14 14:47:34.705195,taker
P-ETH-3860-150324,188.10000000,25,2024-03-15 03:27:40.441916,taker
P-ETH-3850-150324,185.70000000,25,2024-03-15 03:27:59.491317,taker
P-ETH-3860-150324,242.71000000,25,2024-03-15 09:09:50.919942,taker
P-ETH-3850-150324,234.26000000,25,2024-03-15 09:10:09.502359,taker
P-ETH-2450-150324,0.01000000,769,2024-03-15 10:08:44.669617,maker
C-ETH-4850-150324,0.01000000,769,2024-03-15 10:08:44.670049,maker
C-ETH-4000-160324,1.60000000,1,2024-03-15 19:13:28.439574,taker
C-ETH-4000-160324,1.70000000,1,2024-03-15 19:13:36.413948,taker
C-ETH-3840-170324,6.10000000,100,2024-03-15 20:02:37.946609,taker
C-ETH-3660-170324,79.40000000,100,2024-03-16 04:41:39.463358,maker
C-ETH-3840-170324,4.00000000,100,2024-03-16 05:13:19.214984,taker
C-ETH-3660-170324,65.00000000,100,2024-03-16 05:26:51.007584,maker
C-ETH-3660-170324,78.00000000,200,2024-03-16 06:27:40.945019,taker
C-ETH-4000-160324,0.01000000,2,2024-03-16 07:45:09.957426,maker
C-ETH-4320-160324,0.01000000,900,2024-03-16 09:01:11.024877,maker
P-ETH-3400-160324,0.01000000,900,2024-03-16 09:01:11.025626,maker
P-ETH-3600-170324,6.50000000,50,2024-03-16 12:34:26.120043,taker
P-ETH-3600-170324,8.80000000,50,2024-03-16 13:01:16.102004,maker
P-ETH-3560-170324,3.40000000,100,2024-03-16 13:05:25.623099,taker
P-ETH-3560-170324,5.80000000,100,2024-03-16 14:05:24.974033,maker
P-ETH-3520-170324,2.50000000,200,2024-03-16 14:10:11.013506,maker
P-ETH-3760-170324,98.80000000,2,2024-03-16 14:15:16.075244,maker
P-ETH-3760-170324,104.10000000,2,2024-03-16 14:17:42.889037,taker
P-ETH-3660-170324,29.10000000,2,2024-03-16 14:19:21.111250,taker
P-ETH-3660-170324,32.30000000,2,2024-03-16 14:36:42.139786,maker
P-ETH-3700-170324,62.50000000,20,2024-03-16 14:54:47.583828,maker
P-ETH-3700-170324,51.50000000,20,2024-03-16 14:57:51.370364,maker
P-ETH-3520-170324,2.10000000,5,2024-03-16 15:20:53.363807,taker
P-ETH-3520-170324,2.00000000,1,2024-03-16 15:21:05.665895,taker
P-ETH-3520-170324,1.90000000,10,2024-03-16 15:21:09.742631,maker
P-ETH-3520-170324,1.80000000,1,2024-03-16 15:21:32.691498,taker
P-ETH-3520-170324,1.80000000,14,2024-03-16 15:22:48.875086,taker
C-ETH-3760-170324,3.20000000,10,2024-03-16 16:15:38.478363,maker
C-ETH-3680-170324,26.60000000,10,2024-03-16 16:15:38.478848,taker
C-ETH-3660-170324,30.30000000,15,2024-03-16 16:50:29.119365,maker
C-ETH-3740-170324,5.00000000,50,2024-03-16 16:53:09.986004,taker
C-ETH-3740-170324,6.80000000,50,2024-03-16 16:55:12.242673,taker
C-ETH-3660-170324,31.90000000,20,2024-03-16 16:56:27.027063,taker
C-ETH-3660-170324,34.50000000,20,2024-03-16 17:03:34.618646,taker
C-ETH-3660-170324,28.00000000,40,2024-03-16 17:14:19.293928,maker
C-ETH-3660-170324,26.20000000,15,2024-03-16 17:16:51.419508,taker
C-ETH-4160-170324,0.01000000,1,2024-03-16 17:20:48.730318,maker
P-ETH-3480-170324,1.70000000,1,2024-03-16 18:15:03.074123,taker
C-ETH-3620-170324,30.50000000,1,2024-03-16 18:16:11.335238,maker
C-ETH-3620-170324,20.20000000,1,2024-03-16 18:47:38.344983,taker
C-ETH-3620-170324,21.30000000,30,2024-03-16 19:56:06.613320,maker
C-ETH-3620-170324,26.00000000,30,2024-03-16 19:58:29.345890,taker
C-ETH-3620-170324,2.00000000,1,2024-03-16 23:18:51.580426,taker
P-ETH-3520-170324,26.80000000,231,2024-03-16 23:59:23.075501,maker
C-ETH-3600-170324,12.50000000,100,2024-03-17 00:03:20.825848,taker
C-ETH-3600-170324,15.50000000,100,2024-03-17 00:04:24.479035,maker
C-ETH-3640-170324,5.10000000,350,2024-03-17 01:07:18.017153,maker
C-ETH-3640-170324,3.70000000,28,2024-03-17 01:12:32.126198,taker
C-ETH-3680-170324,0.80000000,10,2024-03-17 04:14:46.995723,maker
C-ETH-3760-170324,0.50000000,10,2024-03-17 04:14:46.998185,taker
C-ETH-3640-170324,0.90000000,378,2024-03-17 05:48:35.186188,maker
P-ETH-3440-170324,1.20000000,250,2024-03-17 05:50:06.589705,taker
P-ETH-3440-170324,8.20000000,250,2024-03-17 06:56:54.709858,maker
C-ETH-3540-170324,2.50000000,15,2024-03-17 06:58:27.105955,taker
C-ETH-3540-170324,2.70000000,500,2024-03-17 06:58:48.366862,maker
C-ETH-3540-170324,2.70000000,35,2024-03-17 06:59:25.781650,maker
C-ETH-3540-170324,1.60000000,100,2024-03-17 07:00:24.550972,taker
C-ETH-3540-170324,8.20000000,600,2024-03-17 08:30:56.014016,maker
C-ETH-3540-170324,8.40000000,50,2024-03-17 08:32:27.385718,taker
C-ETH-4120-170324,0.01000000,890,2024-03-17 10:58:09.299528,maker
P-ETH-3360-170324,0.01000000,900,2024-03-17 10:58:09.299535,maker
C-ETH-3560-170324,19.90000000,400,2024-03-17 11:27:35.854588,taker
C-ETH-3560-170324,21.50000000,400,2024-03-17 11:55:42.237775,maker
C-ETH-3820-180324,3.20000000,100,2024-03-17 12:10:58.443053,taker
P-ETH-3580-180324,59.80000000,14,2024-03-17 12:38:31.173213,taker
P-ETH-3580-180324,63.30000000,14,2024-03-17 12:48:21.242910,maker
P-ETH-3540-180324,46.30000000,22,2024-03-17 12:50:52.080748,taker
P-ETH-3540-180324,46.10000000,22,2024-03-17 13:00:22.337573,maker
P-ETH-3620-180324,49.80000000,22,2024-03-17 15:41:35.748599,taker
P-ETH-3620-180324,41.10000000,22,2024-03-17 15:43:36.031967,maker
C-ETH-3640-180324,44.70000000,16,2024-03-17 15:45:48.257910,taker
C-ETH-3640-180324,41.00000000,16,2024-03-17 15:59:46.134964,taker
C-ETH-3760-180324,8.90000000,68,2024-03-17 16:09:18.539427,maker
C-ETH-3620-180324,49.20000000,1,2024-03-17 16:29:47.477919,maker
C-ETH-3760-180324,10.50000000,68,2024-03-17 16:38:33.778568,maker
C-ETH-3760-180324,12.30000000,55,2024-03-17 16:40:12.876097,taker
P-ETH-3600-180324,45.00000000,23,2024-03-17 16:54:23.082959,maker
P-ETH-3600-180324,45.30000000,23,2024-03-17 16:55:16.655513,taker
P-ETH-3600-180324,45.20000000,30,2024-03-17 16:57:29.618510,taker
C-ETH-3600-180324,57.70000000,20,2024-03-17 16:58:44.668738,taker
C-ETH-4000-180324,0.01000000,200,2024-03-17 17:25:37.337200,maker
P-ETH-3600-180324,40.20000000,30,2024-03-17 17:35:01.678639,maker
P-ETH-3620-180324,49.00000000,20,2024-03-17 17:36:24.337359,maker
C-ETH-3600-180324,60.30000000,20,2024-03-17 17:44:57.439661,maker
C-ETH-3640-180324,50.00000000,30,2024-03-17 18:00:24.336641,maker
C-ETH-3640-180324,53.00000000,30,2024-03-17 18:09:02.029756,taker
C-ETH-3640-180324,52.00000000,30,2024-03-17 18:13:54.561820,taker
P-ETH-3620-180324,35.00000000,20,2024-03-17 18:17:04.638512,maker
P-ETH-3640-180324,48.00000000,30,2024-03-17 18:18:51.455227,taker
P-ETH-3640-180324,51.10000000,30,2024-03-17 18:34:31.586234,maker
C-ETH-3620-180324,54.00000000,20,2024-03-17 19:04:10.749242,maker
P-ETH-3540-180324,15.00000000,11,2024-03-17 19:08:24.442688,taker
C-ETH-4000-180324,0.50000000,200,2024-03-17 19:10:46.093424,taker
C-ETH-3680-180324,30.40000000,1,2024-03-17 19:33:57.168366,taker
C-ETH-3680-180324,29.40000000,1,2024-03-17 19:35:18.906070,maker
P-ETH-3540-180324,7.40000000,11,2024-03-17 19:36:25.999931,maker
P-ETH-3560-180324,13.40000000,6,2024-03-17 19:36:50.619077,taker
C-ETH-3640-180324,49.20000000,30,2024-03-17 20:05:03.426998,maker
P-ETH-3400-200324,21.20000000,500,2024-03-17 22:15:42.371867,maker
C-ETH-3620-180324,66.00000000,20,2024-03-17 22:35:54.205190,taker
P-ETH-3400-200324,18.60000000,500,2024-03-17 22:45:31.582888,taker
P-ETH-3200-290324,47.80000000,500,2024-03-17 23:04:33.737025,taker
P-ETH-3600-290324,148.10000000,1,2024-03-17 23:21:03.747097,maker
P-ETH-3200-290324,60.40000000,500,2024-03-18 00:36:34.514371,taker
P-ETH-3600-290324,178.40000000,1,2024-03-18 00:38:30.493064,taker
C-ETH-3560-180324,55.70000000,200,2024-03-18 01:26:41.989453,maker
C-ETH-3560-180324,68.00000000,200,2024-03-18 01:52:37.808036,maker
C-ETH-5500-260424,26.10000000,50,2024-03-18 02:06:14.760490,maker
C-ETH-3700-180324,6.80000000,3,2024-03-18 02:15:44.335113,taker
C-ETH-3700-180324,3.90000000,3,2024-03-18 02:27:11.380281,maker
C-ETH-3700-180324,4.60000000,10,2024-03-18 03:01:08.374678,maker
C-ETH-3620-180324,22.80000000,10,2024-03-18 05:08:51.507483,maker
P-ETH-3600-180324,24.50000000,10,2024-03-18 05:09:01.959686,maker
P-ETH-3600-180324,17.10000000,10,2024-03-18 05:24:53.183740,taker
C-ETH-3620-180324,35.00000000,10,2024-03-18 05:25:28.556248,taker
C-ETH-3680-180324,12.60000000,10,2024-03-18 05:31:55.664315,maker
P-ETH-3620-180324,18.20000000,10,2024-03-18 05:32:12.090492,maker
C-ETH-3660-180324,17.70000000,10,2024-03-18 05:36:53.235048,maker
P-ETH-3600-180324,12.00000000,10,2024-03-18 05:37:11.180027,maker
C-ETH-3680-180324,10.80000000,10,2024-03-18 05:45:16.039479,taker
P-ETH-3620-180324,23.60000000,10,2024-03-18 05:45:16.546819,taker
P-ETH-3600-180324,16.30000000,10,2024-03-18 05:46:58.990291,taker
C-ETH-3660-180324,15.30000000,10,2024-03-18 06:04:10.795335,taker
C-ETH-3640-180324,19.90000000,40,2024-03-18 06:32:27.636689,maker
P-ETH-3620-180324,21.40000000,50,2024-03-18 06:32:56.108843,maker
P-ETH-3560-180324,4.60000000,6,2024-03-18 07:25:31.116334,maker
C-ETH-3640-180324,12.20000000,40,2024-03-18 08:05:25.212284,taker
C-ETH-3700-180324,1.00000000,10,2024-03-18 08:20:25.837392,maker
P-ETH-3620-180324,32.00000000,50,2024-03-18 08:20:26.864274,taker
C-ETH-3760-180324,0.01000000,55,2024-03-18 08:50:02.471864,maker
C-ETH-3580-180324,19.20000000,40,2024-03-18 09:18:59.011441,maker
P-ETH-3580-180324,13.80000000,40,2024-03-18 09:19:31.950839,maker
P-ETH-3580-180324,11.50000000,40,2024-03-18 09:22:52.250598,taker
P-ETH-3600-180324,19.90000000,40,2024-03-18 09:23:07.726853,maker
C-ETH-3580-180324,30.00000000,40,2024-03-18 09:26:17.978630,taker
C-ETH-3580-180324,21.90000000,40,2024-03-18 09:29:10.325789,maker
P-ETH-3600-180324,33.20000000,40,2024-03-18 09:41:14.695519,taker
C-ETH-3580-180324,14.00000000,40,2024-03-18 09:41:16.035684,taker
P-ETH-3500-190324,25.50000000,50,2024-03-18 09:47:50.192404,maker
C-ETH-3660-190324,24.70000000,50,2024-03-18 09:48:09.039457,maker
C-ETH-4000-180324,0.01000000,895,2024-03-18 11:06:56.290833,maker
P-ETH-3280-180324,0.01000000,895,2024-03-18 11:06:56.291255,maker
C-ETH-4100-290324,41.00000000,1,2024-03-18 11:08:31.107495,maker
C-ETH-4100-290324,41.20000000,2,2024-03-18 11:09:25.178722,maker
C-ETH-4100-290324,45.80000000,3,2024-03-18 11:10:29.458593,taker
C-ETH-4100-290324,42.50000000,200,2024-03-18 11:14:00.298989,maker
P-ETH-3280-180324,0.01000000,30,2024-03-18 11:16:04.053127,maker
C-ETH-3660-190324,40.20000000,50,2024-03-18 11:35:45.121649,taker
P-ETH-3280-180324,0.01000000,5,2024-03-18 11:36:53.388340,maker
C-ETH-3600-190324,57.90000000,1,2024-03-18 12:03:13.506439,maker
P-ETH-3800-050424,312.60000000,100,2024-03-18 12:05:46.802934,maker
P-ETH-3500-190324,17.70000000,50,2024-03-18 12:10:31.015019,taker
P-ETH-2100-260424,14.40000000,5,2024-03-18 13:43:47.537396,maker
C-ETH-3700-190324,7.20000000,10,2024-03-18 14:39:42.713196,taker
C-ETH-3400-200324,157.70000000,10,2024-03-18 14:40:39.401509,taker
C-ETH-3500-200324,87.80000000,10,2024-03-18 14:43:10.739467,taker
P-ETH-3200-190324,0.80000000,1,2024-03-18 16:57:44.597090,taker
C-ETH-3500-190324,42.40000000,1,2024-03-18 17:36:33.397194,maker
P-ETH-3200-190324,0.80000000,1,2024-03-18 17:36:59.824513,taker
P-ETH-3280-190324,1.80000000,10,2024-03-18 17:39:07.089193,taker
P-ETH-3480-190324,43.90000000,1,2024-03-18 18:58:37.139157,maker
P-ETH-3480-190324,32.80000000,1,2024-03-18 19:11:51.919256,maker
P-ETH-3500-190324,46.50000000,11,2024-03-18 20:01:07.875864,taker
C-ETH-3420-190324,91.80000000,5,2024-03-18 20:09:21.386553,taker
P-ETH-3500-190324,30.00000000,11,2024-03-18 20:35:40.788214,maker
C-ETH-3420-190324,95.00000000,5,2024-03-18 20:47:35.950166,maker
P-ETH-3400-200324,26.10000000,15,2024-03-18 20:49:48.767118,taker
P-ETH-3400-200324,24.00000000,10,2024-03-18 21:03:53.235244,taker
P-ETH-3800-050424,418.90000000,50,2024-03-19 01:06:55.330509,taker
P-ETH-3800-050424,416.30000000,50,2024-03-19 01:09:09.250696,taker
P-ETH-3400-190324,23.40000000,100,2024-03-19 01:14:06.295471,taker
P-ETH-3400-190324,27.30000000,100,2024-03-19 01:23:14.048771,maker
P-ETH-3400-200324,60.70000000,25,2024-03-19 01:39:35.314318,maker
C-ETH-2800-290324,639.40000000,1,2024-03-19 01:40:14.945375,maker
C-ETH-2800-290324,665.60000000,1,2024-03-19 01:40:40.399776,taker
P-ETH-2800-260424,78.70000000,100,2024-03-19 01:45:22.444856,maker
C-ETH-3500-190324,3.60000000,12,2024-03-19 03:12:45.605323,taker
C-ETH-3400-190324,43.60000000,2,2024-03-19 03:57:44.038675,maker
C-ETH-3900-050424,52.00000000,100,2024-03-19 04:59:20.090083,maker
C-ETH-3500-190324,0.70000000,12,2024-03-19 05:29:47.525021,maker
C-ETH-3400-190324,10.00000000,2,2024-03-19 05:47:52.306435,maker
C-ETH-3500-210324,30.40000000,1,2024-03-19 05:55:38.682248,maker
C-ETH-3500-190324,1.00000000,1,2024-03-19 05:55:50.865819,taker
P-ETH-3280-190324,6.80000000,5,2024-03-19 07:15:01.986964,taker
C-ETH-3000-220324,366.80000000,10,2024-03-19 07:19:09.780882,taker
C-ETH-3320-200324,76.80000000,3,2024-03-19 07:48:59.954982,maker
C-ETH-3000-210324,265.40000000,5,2024-03-19 09:06:40.448568,taker
P-ETH-3280-190324,74.20000000,2,2024-03-19 09:12:14.190489,taker
C-ETH-3440-200324,13.10000000,1,2024-03-19 09:26:27.070462,maker
C-ETH-3000-210324,303.70000000,10,2024-03-19 09:33:00.306449,taker
C-ETH-3320-200324,54.20000000,3,2024-03-19 09:59:13.736728,taker
C-ETH-3220-200324,72.70000000,10,2024-03-19 10:35:14.332204,maker
P-ETH-3280-190324,34.80000000,10,2024-03-19 10:52:29.586280,taker
C-ETH-3900-050424,40.70000000,100,2024-03-19 10:52:49.959713,taker
C-ETH-4100-290324,12.50000000,200,2024-03-19 10:53:13.090386,taker
P-ETH-3200-200324,51.30000000,20,2024-03-19 10:58:29.543411,taker
P-ETH-3200-200324,49.30000000,10,2024-03-19 11:01:06.032920,taker
P-ETH-3280-190324,54.50000000,10,2024-03-19 11:04:16.727102,maker
P-ETH-3200-200324,54.80000000,20,2024-03-19 11:05:09.880467,taker
C-ETH-3220-200324,74.50000000,10,2024-03-19 11:05:55.023390,taker
C-ETH-3500-200324,2.70000000,10,2024-03-19 11:14:15.953360,maker
C-ETH-3200-200324,69.30000000,15,2024-03-19 11:14:16.315134,maker
P-ETH-2600-290324,23.40000000,150,2024-03-19 11:32:09.194675,taker
C-ETH-3700-190324,0.01000000,803,2024-03-19 11:40:20.395159,maker
P-ETH-3120-190324,0.01000000,805,2024-03-19 11:40:20.395733,maker
P-ETH-3280-190324,24.40000000,2,2024-03-19 11:48:30.755386,taker
C-ETH-3200-200324,117.80000000,15,2024-03-19 11:58:18.481394,taker
C-ETH-3920-190324,0.01000000,700,2024-03-19 11:58:35.580004,maker
C-ETH-3920-190324,0.01000000,5,2024-03-19 11:59:04.024064,maker
P-ETH-3280-190324,21.60413793,1,2024-03-19 12:00:00.127176,taker
C-ETH-3380-200324,26.40000000,2,2024-03-19 12:16:27.816115,maker
C-ETH-3000-210324,295.30000000,15,2024-03-19 13:13:09.728349,maker
P-ETH-3200-200324,33.20000000,50,2024-03-19 13:16:51.061373,maker
C-ETH-3300-200324,52.90000000,100,2024-03-19 13:41:22.208239,maker
C-ETH-3000-220324,272.60000000,10,2024-03-19 14:11:25.402903,maker
C-ETH-3400-200324,12.10000000,10,2024-03-19 14:12:06.715132,maker
C-ETH-3220-200324,64.40000000,1,2024-03-19 15:14:35.370705,maker
C-ETH-3300-200324,27.60000000,100,2024-03-19 15:17:34.025726,taker
C-ETH-3220-200324,93.10000000,1,2024-03-19 15:35:38.735770,taker
C-ETH-3280-200324,65.70000000,1,2024-03-19 15:40:46.402544,maker
C-ETH-3280-200324,66.20000000,6,2024-03-19 15:42:11.830302,maker
C-ETH-3280-200324,71.30000000,7,2024-03-19 15:43:28.352207,taker
P-ETH-3320-200324,58.70000000,7,2024-03-19 15:44:13.336868,maker
P-ETH-3320-200324,50.60000000,7,2024-03-19 16:10:17.271497,taker
C-ETH-3320-200324,41.90000000,3,2024-03-19 16:16:48.122430,taker
C-ETH-3320-200324,43.60000000,1,2024-03-19 16:19:29.552902,taker
C-ETH-3300-200324,48.00000000,1,2024-03-19 16:21:19.759614,maker
C-ETH-3500-260424,276.40000000,5,2024-03-19 16:46:57.011390,maker
C-ETH-3300-200324,65.00000000,75,2024-03-19 16:52:19.449293,taker
C-ETH-3300-200324,70.00000000,25,2024-03-19 16:55:34.384063,taker
C-ETH-3400-050424,204.50000000,2,2024-03-19 17:07:13.473512,maker
C-ETH-3440-200324,11.10000000,10,2024-03-19 17:39:56.931952,taker
C-ETH-3260-200324,60.10000000,30,2024-03-19 18:14:51.831437,maker
C-ETH-3260-200324,85.10000000,30,2024-03-19 18:43:01.364716,taker
C-ETH-3300-260424,391.50000000,1,2024-03-19 18:45:00.476049,taker
C-ETH-3400-200324,12.70000000,50,2024-03-19 18:48:35.639532,maker
P-ETH-3440-200324,102.70000000,19,2024-03-19 19:40:02.855248,maker
P-ETH-3440-200324,117.70000000,10,2024-03-19 19:50:14.067731,taker
P-ETH-3440-200324,123.10000000,9,2024-03-19 19:50:56.549303,taker
C-ETH-3400-200324,10.80000000,50,2024-03-19 20:06:39.068862,taker
C-ETH-3280-200324,38.70000000,1,2024-03-19 20:24:39.962109,maker
C-ETH-3280-200324,49.62000000,1,2024-03-19 20:33:29.746003,maker
C-ETH-3440-200324,1.79000000,6,2024-03-19 21:22:56.421137,maker
C-ETH-3320-200324,14.50000000,3,2024-03-19 21:22:56.427147,maker
C-ETH-3440-200324,1.79000000,6,2024-03-19 21:22:57.335043,maker
C-ETH-3440-200324,0.01000000,4,2024-03-19 23:26:42.370083,maker
C-ETH-3320-200324,3.00000000,1,2024-03-19 23:27:10.597165,maker
P-ETH-3040-200324,7.80000000,1,2024-03-19 23:30:07.293772,taker
P-ETH-2100-260424,32.30000000,3,2024-03-20 01:22:15.280829,taker
C-ETH-3300-200324,3.20000000,13,2024-03-20 01:58:50.816028,maker
C-ETH-3300-200324,5.30000000,2,2024-03-20 02:11:10.506435,maker
C-ETH-6500-260424,11.10000000,50,2024-03-20 02:43:47.794734,taker
C-ETH-3300-200324,6.90000000,1,2024-03-20 02:52:25.618098,taker
C-ETH-3200-200324,44.90000000,35,2024-03-20 03:00:01.036983,maker
C-ETH-3200-200324,52.50000000,35,2024-03-20 03:05:32.018640,taker
C-ETH-3300-200324,14.10000000,1,2024-03-20 03:32:41.099660,maker
C-ETH-3200-200324,39.00000000,100,2024-03-20 03:48:28.435113,maker
C-ETH-3300-200324,5.40000000,59,2024-03-20 03:53:47.607678,taker
C-ETH-3380-200324,0.60000000,2,2024-03-20 04:29:03.928356,taker
C-ETH-3500-210324,4.30000000,1,2024-03-20 04:29:03.936496,taker
C-ETH-3300-200324,1.00000000,17,2024-03-20 04:34:33.352405,maker
C-ETH-3440-200324,0.30000000,1,2024-03-20 04:38:35.278727,taker
C-ETH-3120-210324,78.30000000,1,2024-03-20 04:39:37.877893,maker
C-ETH-3300-200324,1.40000000,1,2024-03-20 04:39:56.719290,taker
C-ETH-3400-050424,107.30000000,2,2024-03-20 05:23:10.042003,maker
P-ETH-2100-260424,39.10000000,2,2024-03-20 05:23:59.355813,taker
P-ETH-2600-290324,53.50000000,76,2024-03-20 05:32:43.249182,taker
P-ETH-2800-260424,180.30000000,51,2024-03-20 05:32:43.296050,taker
P-ETH-2600-290324,50.60000000,74,2024-03-20 05:36:00.551408,taker
P-ETH-2800-260424,174.20000000,49,2024-03-20 05:36:00.556528,taker
C-ETH-3000-210324,146.80000000,20,2024-03-20 05:37:25.034757,taker
C-ETH-3080-210324,93.70000000,10,2024-03-20 05:40:42.578874,taker
C-ETH-3040-210324,117.40000000,12,2024-03-20 05:42:37.377778,taker
C-ETH-3300-050424,159.50000000,1,2024-03-20 06:14:53.823433,taker
C-ETH-3160-210324,67.10000000,1,2024-03-20 06:16:01.018146,taker
C-ETH-3100-200324,46.60000000,1,2024-03-20 06:17:02.778273,taker
C-ETH-3500-260424,228.30000000,5,2024-03-20 07:01:13.228588,taker
C-ETH-3000-210324,174.10000000,20,2024-03-20 07:04:05.068577,maker
C-ETH-3080-210324,114.90000000,10,2024-03-20 07:04:08.815600,maker
C-ETH-3040-210324,143.40000000,12,2024-03-20 07:04:12.340023,maker
C-ETH-3100-260424,403.90000000,10,2024-03-20 07:11:33.114423,taker
C-ETH-3200-260424,385.00000000,10,2024-03-20 08:01:29.681352,maker
C-ETH-3300-200324,2.00000000,41,2024-03-20 08:16:11.280960,taker
C-ETH-3200-200324,31.90000000,100,2024-03-20 09:23:23.681583,maker
P-ETH-3040-200324,0.01000000,1,2024-03-20 10:01:55.041036,maker
C-ETH-3200-260424,385.00000000,20,2024-03-20 10:40:25.134548,maker
C-ETH-3220-200324,19.70000000,1,2024-03-20 11:06:03.138205,taker
C-ETH-3220-200324,26.90000000,1,2024-03-20 11:13:50.062927,maker
P-ETH-3100-210324,12.50000000,1,2024-03-20 11:26:08.950777,maker
P-ETH-3100-210324,10.80000000,1,2024-03-20 11:31:06.357257,taker
P-ETH-3040-210324,5.70000000,1,2024-03-20 11:44:58.927920,taker
C-ETH-3280-200324,0.90000000,2800,2024-03-20 11:52:26.147106,maker
C-ETH-3880-200324,0.01000000,7,2024-03-20 11:52:48.314253,maker
C-ETH-3280-200324,0.15655172,2800,2024-03-20 12:00:00.117238,taker
C-ETH-3100-200324,180.15655172,1,2024-03-20 12:00:01.946619,taker
C-ETH-3760-210324,0.10000000,7,2024-03-20 12:10:14.681616,maker
P-ETH-3200-210324,14.50000000,1,2024-03-20 13:52:26.948016,taker
C-ETH-3340-210324,57.00000000,1,2024-03-20 13:53:11.509706,taker
P-ETH-3040-210324,1.10000000,1,2024-03-20 14:50:46.569318,taker
P-ETH-3200-210324,5.20000000,1,2024-03-20 14:52:56.071104,maker
P-ETH-3200-210324,17.70000000,1,2024-03-20 15:33:10.068033,taker
P-ETH-3280-210324,38.80000000,2,2024-03-20 15:36:24.741777,taker
P-ETH-3100-210324,4.80000000,1,2024-03-20 15:36:32.584381,maker
C-ETH-3320-210324,55.10000000,1,2024-03-20 15:37:56.735408,taker
P-ETH-3280-210324,49.20000000,2,2024-03-20 16:02:44.686327,maker
P-ETH-3240-210324,50.40000000,20,2024-03-20 17:13:30.049185,taker
P-ETH-3240-210324,35.50000000,20,2024-03-20 17:23:36.089177,maker
C-ETH-3340-210324,51.60000000,30,2024-03-20 17:32:14.426265,taker
P-ETH-3240-210324,28.70000000,40,2024-03-20 17:40:55.316771,maker
P-ETH-3300-210324,56.80000000,25,2024-03-20 17:41:52.933577,maker
C-ETH-3340-210324,100.00000000,30,2024-03-20 20:21:40.485485,taker
P-ETH-3620-210324,109.90000000,1,2024-03-20 23:36:01.314724,taker
C-ETH-3120-210324,388.00000000,1,2024-03-20 23:48:42.232427,maker
P-ETH-3620-210324,115.50000000,1,2024-03-21 00:29:26.281885,maker
C-ETH-4200-290324,16.20000000,50,2024-03-21 00:49:22.887735,taker
P-ETH-3500-210324,16.60000000,20,2024-03-21 02:07:11.022804,taker
C-ETH-3560-210324,24.90000000,20,2024-03-21 02:18:34.244049,maker
C-ETH-2880-210324,676.80000000,2,2024-03-21 02:25:31.614480,taker
C-ETH-2880-210324,655.20000000,2,2024-03-21 02:29:17.611111,maker
P-ETH-3620-210324,80.60000000,10,2024-03-21 02:50:53.126666,taker
P-ETH-3460-210324,4.30000000,12,2024-03-21 02:51:38.862523,taker
P-ETH-3460-210324,6.00000000,3,2024-03-21 02:57:19.969278,taker
P-ETH-3540-210324,29.40000000,100,2024-03-21 02:59:39.791347,maker
P-ETH-3540-210324,28.70000000,100,2024-03-21 03:01:30.100384,taker
C-ETH-3340-210324,213.40000000,1,2024-03-21 03:12:15.319581,taker
P-ETH-3620-210324,100.40000000,10,2024-03-21 03:49:24.770487,maker
C-ETH-3160-210324,310.40000000,1,2024-03-21 05:11:30.883390,maker
P-ETH-3460-210324,18.90000000,15,2024-03-21 05:14:32.742007,taker
C-ETH-3500-210324,16.10000000,15,2024-03-21 05:15:30.969642,maker
C-ETH-3400-220324,105.20000000,5,2024-03-21 05:23:25.220692,taker
C-ETH-3560-210324,1.30000000,20,2024-03-21 05:26:18.741956,maker
P-ETH-3500-210324,55.40000000,20,2024-03-21 05:26:33.136001,maker
C-ETH-3500-210324,17.30000000,2,2024-03-21 05:51:19.172233,taker
C-ETH-3580-210324,8.30000000,1,2024-03-21 06:11:22.696960,maker
C-ETH-3500-210324,40.60000000,17,2024-03-21 07:18:55.960257,taker
C-ETH-3400-220324,149.00000000,5,2024-03-21 07:22:42.540824,maker
P-ETH-3400-220324,24.40000000,20,2024-03-21 07:38:53.628930,taker
C-ETH-3580-210324,4.00000000,200,2024-03-21 08:03:17.214296,taker
P-ETH-3500-210324,7.10000000,5,2024-03-21 08:16:33.659376,maker
P-ETH-3540-210324,17.20000000,200,2024-03-21 08:34:47.436568,taker
C-ETH-3600-210324,9.10000000,80,2024-03-21 08:49:23.698428,taker
C-ETH-3580-210324,21.90000000,200,2024-03-21 08:50:55.438826,taker
P-ETH-3540-210324,5.40000000,130,2024-03-21 08:53:57.543599,maker
P-ETH-3500-210324,1.00000000,5,2024-03-21 09:04:24.271685,maker
P-ETH-3540-210324,20.50000000,130,2024-03-21 09:43:48.939607,taker
C-ETH-3320-210324,220.90000000,1,2024-03-21 09:48:27.392488,taker
P-ETH-3500-220324,51.70000000,20,2024-03-21 10:43:36.109126,taker
C-ETH-3840-210324,0.01000000,974,2024-03-21 11:14:18.755572,maker
P-ETH-2880-210324,0.01000000,974,2024-03-21 11:14:18.760011,maker
C-ETH-3540-210324,3.00000000,50,2024-03-21 11:23:10.933623,maker
P-ETH-2880-210324,0.01000000,630,2024-03-21 11:52:12.910782,maker
P-ETH-2880-210324,0.01000000,5,2024-03-21 11:52:30.853900,maker
P-ETH-3540-210324,6.80000000,200,2024-03-21 11:55:30.918674,maker
C-ETH-3120-210324,412.76793103,2,2024-03-21 12:00:00.031321,taker
C-ETH-3640-220324,21.10000000,12,2024-03-21 12:45:43.119844,maker
C-ETH-3640-220324,20.60000000,1,2024-03-21 12:57:54.345994,maker
C-ETH-3640-220324,23.20000000,11,2024-03-21 13:04:11.867070,maker
C-ETH-3650-220324,24.20000000,1,2024-03-21 13:08:56.203504,taker
C-ETH-3650-220324,23.70000000,1,2024-03-21 13:09:12.653980,taker
C-ETH-3650-220324,23.40000000,200,2024-03-21 13:09:35.212845,taker
C-ETH-3650-220324,23.70000000,50,2024-03-21 13:09:46.116484,taker
C-ETH-3650-220324,23.30000000,15,2024-03-21 13:10:01.327240,taker
C-ETH-3650-220324,17.70000000,267,2024-03-21 13:24:08.528303,maker
C-ETH-3700-220324,17.90000000,150,2024-03-21 13:32:48.568112,taker
C-ETH-3700-220324,16.40000000,20,2024-03-21 13:33:11.604008,taker
C-ETH-3700-220324,16.50000000,10,2024-03-21 13:33:19.034507,taker
P-ETH-3600-290324,169.30000000,1,2024-03-21 13:34:04.089599,taker
C-ETH-3550-220324,42.10000000,20,2024-03-21 14:01:23.534726,taker
C-ETH-3520-220324,70.10000000,4,2024-03-21 14:15:17.338150,taker
C-ETH-3520-220324,38.20000000,4,2024-03-21 15:43:50.641954,maker
C-ETH-3500-220324,41.50000000,35,2024-03-21 15:49:21.334243,maker
C-ETH-3400-220324,116.60000000,2,2024-03-21 16:08:39.944386,taker
C-ETH-3580-220324,27.00000000,5,2024-03-21 17:06:14.131503,taker
C-ETH-3520-220324,46.80000000,1,2024-03-21 17:16:10.303324,taker
C-ETH-3400-220324,125.10000000,2,2024-03-21 17:16:23.871329,maker
P-ETH-3520-220324,48.20000000,1,2024-03-21 17:16:41.145655,taker
P-ETH-3520-220324,48.70000000,4,2024-03-21 17:17:31.869821,taker
C-ETH-3520-220324,44.80000000,4,2024-03-21 17:17:55.200402,taker
C-ETH-3580-220324,21.30000000,5,2024-03-21 17:25:03.043874,taker
C-ETH-3580-220324,15.00000000,16,2024-03-21 17:30:08.783876,maker
C-ETH-3500-220324,37.50000000,35,2024-03-21 17:39:09.057388,taker
C-ETH-3480-220324,49.00000000,15,2024-03-21 17:42:29.173299,taker
P-ETH-3520-220324,78.20000000,5,2024-03-21 18:03:48.311224,maker
C-ETH-3520-220324,19.10000000,5,2024-03-21 18:04:01.221889,maker
P-ETH-3460-220324,46.00000000,1,2024-03-21 18:06:18.722569,taker
P-ETH-3460-220324,54.90000000,1,2024-03-21 18:17:33.959274,maker
C-ETH-3700-220324,0.30000000,180,2024-03-21 18:22:47.514307,maker
C-ETH-3400-220324,67.60000000,9,2024-03-21 18:33:12.578263,taker
C-ETH-3480-220324,19.40000000,15,2024-03-21 18:44:09.479824,maker
P-ETH-3420-240324,68.50000000,5,2024-03-21 19:22:07.520219,maker
C-ETH-3400-220324,59.40000000,5,2024-03-21 19:28:11.702049,maker
P-ETH-3400-220324,21.50000000,20,2024-03-21 19:33:21.976504,maker
C-ETH-3580-220324,5.00000000,4,2024-03-21 20:03:37.242232,maker
P-ETH-3400-220324,20.00000000,30,2024-03-21 20:13:22.347976,maker
C-ETH-3400-220324,111.30000000,2,2024-03-21 20:19:01.559910,taker
P-ETH-3400-220324,4.50000000,2,2024-03-21 22:30:03.424506,taker
P-ETH-3520-230324,66.90000000,1,2024-03-22 00:07:02.739253,taker
P-ETH-2700-220324,0.01000000,997,2024-03-22 01:46:12.811613,maker
C-ETH-5050-220324,0.01000000,997,2024-03-22 01:46:12.811671,maker
C-ETH-3550-220324,3.60000000,4,2024-03-22 01:53:29.614828,maker
C-ETH-3500-220324,15.60000000,1,2024-03-22 01:55:07.847558,taker
C-ETH-3400-220324,69.30000000,6,2024-03-22 01:58:00.534747,maker
P-ETH-3400-230324,31.10000000,9,2024-03-22 02:29:42.068367,taker
C-ETH-3550-220324,6.00000000,1,2024-03-22 03:18:58.300248,taker
P-ETH-3500-220324,19.10000000,20,2024-03-22 03:32:56.272602,maker
P-ETH-3400-220324,0.60000000,30,2024-03-22 03:39:18.481191,maker
C-ETH-3550-220324,16.50000000,5,2024-03-22 04:54:58.897795,taker
C-ETH-3500-220324,42.20000000,1,2024-03-22 04:54:58.900332,taker
P-ETH-3500-220324,14.40000000,4,2024-03-22 04:58:11.035659,taker
C-ETH-3520-220324,33.90000000,1,2024-03-22 06:06:00.776346,taker
P-ETH-3500-220324,36.60000000,4,2024-03-22 09:40:20.436272,taker
C-ETH-3580-220324,0.01000000,20,2024-03-22 09:59:00.476277,maker
C-ETH-3680-230324,1.70000000,8,2024-03-22 11:26:04.845228,taker
C-ETH-3420-230324,50.80000000,1,2024-03-22 11:50:47.441956,taker
P-ETH-3220-230324,5.40000000,1,2024-03-22 11:52:40.808905,taker
P-ETH-3120-230324,1.40000000,5,2024-03-22 11:54:21.503332,taker
C-ETH-3520-220324,0.01000000,1,2024-03-22 11:55:36.503657,maker
C-ETH-5000-220324,0.01000000,2900,2024-03-22 11:59:48.642864,maker
C-ETH-3400-230324,66.30000000,10,2024-03-22 12:09:57.630934,maker
C-ETH-3400-230324,60.20000000,1,2024-03-22 12:15:23.864660,maker
C-ETH-3640-230324,2.40000000,200,2024-03-22 12:26:38.057896,maker
C-ETH-3440-230324,38.50000000,1,2024-03-22 12:49:21.746026,maker
P-ETH-2960-230324,0.40000000,100,2024-03-22 12:59:38.000876,taker
P-ETH-2960-230324,0.01000000,100,2024-03-22 13:13:05.566823,maker
C-ETH-3400-230324,49.80000000,1,2024-03-22 13:22:06.217191,taker
P-ETH-3400-230324,45.20000000,9,2024-03-22 13:28:25.553328,maker
C-ETH-3400-230324,56.80000000,6,2024-03-22 13:30:01.533174,taker
C-ETH-3400-230324,36.80000000,10,2024-03-22 13:37:38.083790,maker
P-ETH-3360-230324,52.40000000,1,2024-03-22 13:49:55.698983,maker
P-ETH-3340-230324,46.10000000,19,2024-03-22 13:53:12.515403,maker
C-ETH-3400-230324,29.80000000,9,2024-03-22 14:01:49.839160,maker
P-ETH-3340-230324,50.80000000,19,2024-03-22 14:02:22.737061,taker
C-ETH-3300-050424,223.70000000,1,2024-03-22 14:20:53.114589,maker
P-ETH-3420-240324,125.00000000,5,2024-03-22 14:22:57.865105,taker
C-ETH-3320-230324,49.50000000,1,2024-03-22 14:25:23.951140,maker
P-ETH-3080-230324,4.30000000,1,2024-03-22 14:26:02.120863,taker
P-ETH-3360-230324,81.40000000,1,2024-03-22 15:06:40.669544,taker
C-ETH-3300-260424,375.20000000,20,2024-03-22 15:11:24.747888,taker
C-ETH-3460-230324,9.10000000,500,2024-03-22 15:15:28.595554,maker
C-ETH-3640-230324,1.10000000,200,2024-03-22 15:21:40.445827,taker
C-ETH-3580-230324,1.50000000,400,2024-03-22 15:25:17.452077,taker
P-ETH-3340-230324,38.00000000,100,2024-03-22 15:29:58.926625,maker
C-ETH-3300-260424,394.00000000,20,2024-03-22 15:30:13.309260,maker
C-ETH-3400-250324,55.00000000,10,2024-03-22 15:35:51.503342,maker
P-ETH-3140-230324,3.70000000,100,2024-03-22 15:38:01.413759,maker
C-ETH-3520-230324,4.90000000,100,2024-03-22 15:40:06.800948,maker
P-ETH-3340-230324,43.40000000,10,2024-03-22 15:48:50.702986,taker
C-ETH-3360-230324,49.40000000,10,2024-03-22 15:49:30.671468,taker
C-ETH-3200-230324,137.90000000,1,2024-03-22 16:10:03.986030,maker
C-ETH-3580-230324,0.80000000,400,2024-03-22 16:43:10.847142,taker
C-ETH-3000-230324,307.60000000,10,2024-03-22 16:44:43.541273,taker
P-ETH-3600-230324,299.00000000,10,2024-03-22 16:45:13.609409,taker
C-ETH-3520-230324,1.10000000,500,2024-03-22 16:45:38.224880,maker
C-ETH-3200-230324,132.90000000,1,2024-03-22 16:58:17.419582,taker
P-ETH-3140-230324,1.60000000,100,2024-03-22 17:11:57.856451,maker
C-ETH-3520-230324,1.30000000,100,2024-03-22 17:12:05.129071,maker
C-ETH-3400-230324,16.00000000,24,2024-03-22 17:20:19.792033,maker
C-ETH-3460-230324,6.60000000,50,2024-03-22 17:42:11.032013,taker
C-ETH-3460-230324,4.10000000,15,2024-03-22 18:29:42.545666,taker
C-ETH-3340-230324,38.10000000,100,2024-03-22 19:00:05.318603,maker
C-ETH-3340-230324,31.00000000,80,2024-03-22 19:15:00.864294,maker
C-ETH-3340-230324,29.80000000,100,2024-03-22 19:20:18.769295,taker
C-ETH-3340-230324,29.80000000,80,2024-03-22 19:23:31.419949,taker
P-ETH-3340-230324,68.00000000,100,2024-03-22 21:31:57.017925,taker
P-ETH-3520-230324,257.50000000,1,2024-03-22 22:24:38.193840,maker
P-ETH-3500-290324,253.60000000,1,2024-03-22 22:33:35.175138,taker
P-ETH-3600-290324,321.00000000,1,2024-03-22 22:33:57.167907,maker
C-ETH-3680-230324,0.30000000,8,2024-03-23 01:11:55.766139,taker
P-ETH-3200-240324,3.80000000,4,2024-03-23 01:15:42.410350,maker
C-ETH-3350-290324,123.70000000,10,2024-03-23 01:37:43.746973,maker
P-ETH-3350-290324,121.10000000,10,2024-03-23 01:38:25.442467,maker
C-ETH-3200-240324,148.70000000,10,2024-03-23 02:17:19.512555,taker
C-ETH-3000-230324,336.30000000,10,2024-03-23 02:17:34.020087,maker
C-ETH-3520-230324,0.30000000,500,2024-03-23 02:56:23.110041,taker
C-ETH-3400-230324,0.90000000,300,2024-03-23 03:00:28.469364,maker
C-ETH-3400-230324,0.50000000,300,2024-03-23 03:30:59.219326,taker
C-ETH-3360-230324,0.30000000,400,2024-03-23 03:34:49.458716,maker
P-ETH-3380-240324,112.30000000,10,2024-03-23 03:36:50.152607,taker
P-ETH-3600-230324,323.10000000,10,2024-03-23 03:36:58.681275,maker
C-ETH-3340-230324,11.20000000,1,2024-03-23 04:31:50.702033,taker
C-ETH-3400-230324,1.20000000,100,2024-03-23 04:35:41.877280,taker
C-ETH-3340-230324,13.00000000,1,2024-03-23 04:39:18.505088,maker
C-ETH-3350-290324,128.40000000,10,2024-03-23 04:46:00.053803,maker
P-ETH-3350-290324,138.00000000,10,2024-03-23 04:46:24.415040,maker
C-ETH-3200-240324,144.00000000,10,2024-03-23 04:51:56.393910,taker
P-ETH-3380-240324,62.40000000,10,2024-03-23 04:52:26.081086,taker
P-ETH-3280-230324,3.20000000,2,2024-03-23 05:33:32.591873,taker
P-ETH-3340-230324,24.20000000,1,2024-03-23 05:33:38.230754,taker
C-ETH-3340-230324,9.00000000,17,2024-03-23 06:07:42.547032,maker
P-ETH-3340-230324,18.20000000,1,2024-03-23 06:10:45.596419,maker
C-ETH-3340-230324,13.60000000,17,2024-03-23 06:27:00.155914,maker
P-ETH-3280-230324,0.20000000,2,2024-03-23 06:37:17.970300,maker
P-ETH-3320-230324,2.50000000,25,2024-03-23 07:09:09.188873,maker
P-ETH-3360-230324,12.40000000,150,2024-03-23 07:18:02.611323,maker
C-ETH-3360-230324,14.20000000,200,2024-03-23 07:18:25.236003,taker
C-ETH-3360-230324,20.60000000,400,2024-03-23 07:19:25.193961,taker
C-ETH-3360-230324,23.10000000,200,2024-03-23 07:19:49.004007,taker
P-ETH-3360-230324,5.10000000,400,2024-03-23 07:22:06.697720,taker
C-ETH-3360-230324,23.70000000,100,2024-03-23 07:23:02.450370,maker
P-ETH-3320-230324,0.80000000,30,2024-03-23 07:24:05.289482,taker
C-ETH-3500-240324,1.00000000,3,2024-03-23 07:31:06.760831,maker
P-ETH-3200-240324,0.80000000,3,2024-03-23 07:31:06.761221,maker
P-ETH-3360-230324,8.50000000,400,2024-03-23 07:31:48.613757,maker
P-ETH-3360-230324,8.50000000,2,2024-03-23 07:36:19.625822,taker
P-ETH-3360-230324,7.90000000,150,2024-03-23 07:41:24.196524,taker
C-ETH-3340-230324,30.00000000,100,2024-03-23 07:46:50.236501,maker
P-ETH-3360-230324,6.70000000,300,2024-03-23 08:01:36.709994,maker
C-ETH-3340-230324,29.80000000,100,2024-03-23 08:01:39.323886,maker
C-ETH-3220-240324,157.70000000,20,2024-03-23 08:04:26.417825,taker
C-ETH-3200-240324,170.10000000,20,2024-03-23 08:04:34.967983,maker
P-ETH-3340-230324,4.40000000,100,2024-03-23 08:13:45.715471,taker
P-ETH-3360-230324,9.90000000,2,2024-03-23 08:14:39.562112,maker
P-ETH-3360-230324,13.30000000,1,2024-03-23 08:17:44.591864,taker
P-ETH-3340-230324,3.40000000,100,2024-03-23 08:23:19.633822,maker
P-ETH-3360-230324,17.00000000,1,2024-03-23 08:32:27.238181,maker
C-ETH-3200-240324,152.40000000,3,2024-03-23 08:33:18.732862,taker
C-ETH-3360-230324,4.70000000,100,2024-03-23 08:34:18.102667,taker
P-ETH-3320-230324,2.00000000,14,2024-03-23 08:34:40.756285,taker
P-ETH-3360-230324,16.00000000,30,2024-03-23 08:56:20.667982,maker
P-ETH-3360-230324,18.35000000,30,2024-03-23 09:03:51.623698,taker
P-ETH-3340-250324,58.60000000,15,2024-03-23 09:10:35.817683,taker
P-ETH-3320-230324,2.20000000,10,2024-03-23 09:10:47.318669,taker
P-ETH-3320-230324,3.60000000,5,2024-03-23 09:11:42.268569,taker
P-ETH-3340-230324,12.00000000,100,2024-03-23 09:11:59.803545,maker
P-ETH-3320-230324,3.60000000,11,2024-03-23 09:12:43.752963,taker
P-ETH-3320-230324,4.00000000,15,2024-03-23 09:13:56.408941,taker
P-ETH-3340-230324,14.20000000,100,2024-03-23 09:14:20.480562,maker
P-ETH-3340-250324,60.50000000,15,2024-03-23 09:18:21.635494,maker
C-ETH-3400-230324,0.40000000,9,2024-03-23 09:26:51.395468,taker
C-ETH-3400-230324,0.40000000,9,2024-03-23 09:26:58.970163,taker
C-ETH-3400-230324,0.40000000,5,2024-03-23 09:27:29.845034,taker
C-ETH-3400-230324,0.40000000,5,2024-03-23 09:28:11.046337,taker
P-ETH-3340-230324,7.90000000,50,2024-03-23 09:44:37.919892,maker
P-ETH-3320-230324,1.60000000,30,2024-03-23 09:44:45.386381,maker
P-ETH-2920-230324,0.01000000,1050,2024-03-23 09:50:56.826242,maker
C-ETH-3800-230324,0.01000000,1050,2024-03-23 09:50:56.827014,maker
P-ETH-3320-230324,0.30000000,5,2024-03-23 09:56:06.389596,maker
C-ETH-3300-230324,60.70000000,1,2024-03-23 10:02:53.373833,taker
P-ETH-3340-230324,2.40000000,2,2024-03-23 10:15:17.805044,taker
P-ETH-3340-230324,0.01000000,2,2024-03-23 10:22:25.495074,maker
P-ETH-3360-230324,3.50000000,30,2024-03-23 10:24:42.360803,maker
P-ETH-3360-230324,3.00000000,35,2024-03-23 10:28:06.441907,maker
P-ETH-3360-230324,3.00000000,10,2024-03-23 10:28:47.650260,maker
P-ETH-3350-290324,123.30000000,20,2024-03-23 10:41:47.458861,taker
P-ETH-3350-290324,120.30000000,40,2024-03-23 10:42:26.656386,maker
C-ETH-3350-290324,144.90000000,20,2024-03-23 10:43:16.969291,maker
P-ETH-3340-230324,0.50000000,500,2024-03-23 10:46:45.466963,maker
P-ETH-3340-230324,0.50000000,200,2024-03-23 10:47:17.600505,maker
P-ETH-3200-240324,1.00000000,4,2024-03-23 10:47:46.770318,taker
C-ETH-3360-230324,5.00000000,100,2024-03-23 10:48:38.446646,maker
P-ETH-3260-240324,1.50000000,4,2024-03-23 10:49:50.733137,maker
P-ETH-3360-230324,16.40000000,38,2024-03-23 10:53:38.604915,maker
P-ETH-3360-230324,13.20000000,37,2024-03-23 10:54:10.686016,maker
P-ETH-3320-230324,0.01000000,30,2024-03-23 10:54:20.967882,maker
P-ETH-3340-230324,4.00000000,750,2024-03-23 10:56:06.453066,taker
P-ETH-3340-230324,0.50000000,10,2024-03-23 11:13:44.854379,taker
C-ETH-3350-290324,143.70000000,1,2024-03-23 11:25:41.331209,maker
C-ETH-3360-230324,2.80000000,100,2024-03-23 11:34:08.441228,maker
C-ETH-3360-230324,1.50000000,100,2024-03-23 11:40:46.467893,maker
C-ETH-3360-230324,1.30000000,100,2024-03-23 11:40:58.299132,maker
P-ETH-3360-230324,1.70000000,50,2024-03-23 11:41:37.403548,maker
C-ETH-3360-230324,0.90000000,100,2024-03-23 11:45:30.149990,maker
C-ETH-3360-230324,0.90000000,100,2024-03-23 11:45:34.777110,maker
C-ETH-3360-230324,0.70000000,100,2024-03-23 11:45:46.739660,maker
C-ETH-3360-230324,0.50000000,500,2024-03-23 11:46:09.212552,maker
C-ETH-3360-230324,0.40000000,500,2024-03-23 11:46:13.158497,maker
C-ETH-3360-230324,0.60000000,500,2024-03-23 11:46:40.998131,maker
C-ETH-3360-230324,0.70000000,500,2024-03-23 11:46:44.404644,maker
C-ETH-3360-230324,0.60000000,500,2024-03-23 11:46:49.467598,maker
C-ETH-3360-230324,0.60000000,278,2024-03-23 11:47:02.018151,maker
C-ETH-3360-230324,0.59000000,1722,2024-03-23 11:47:02.019198,maker
C-ETH-3360-230324,0.80000000,500,2024-03-23 11:47:44.390117,maker
C-ETH-3360-230324,0.70000000,500,2024-03-23 11:47:47.441513,maker
C-ETH-3800-230324,0.01000000,6,2024-03-23 11:47:56.120675,maker
C-ETH-3360-230324,0.80000000,1000,2024-03-23 11:48:12.814584,maker
C-ETH-3360-230324,0.50000000,85,2024-03-23 11:48:25.544528,maker
C-ETH-3360-230324,0.40000000,915,2024-03-23 11:48:25.545233,maker
C-ETH-3360-230324,0.40000000,87,2024-03-23 11:48:31.840008,maker
C-ETH-3360-230324,0.39000000,913,2024-03-23 11:48:31.840877,maker
C-ETH-3360-230324,0.70000000,1000,2024-03-23 11:48:58.517882,maker
C-ETH-3360-230324,0.50000000,1000,2024-03-23 11:49:33.979692,maker
C-ETH-3360-230324,0.10000000,1000,2024-03-23 11:50:17.470264,maker
C-ETH-3360-230324,0.20000000,789,2024-03-23 11:50:25.361618,maker
C-ETH-3360-230324,0.19000000,211,2024-03-23 11:50:25.362640,maker
C-ETH-3360-230324,0.70000000,200,2024-03-23 11:51:19.451710,maker
C-ETH-3360-230324,0.70000000,300,2024-03-23 11:51:48.596960,maker
P-ETH-3360-230324,1.10000000,300,2024-03-23 11:51:58.378843,maker
C-ETH-3360-230324,0.50000000,500,2024-03-23 11:52:20.226402,maker
C-ETH-3360-230324,0.50000000,500,2024-03-23 11:52:25.394622,maker
C-ETH-3360-230324,0.50000000,500,2024-03-23 11:52:31.457692,maker
C-ETH-3360-230324,0.50000000,500,2024-03-23 11:52:41.483010,maker
C-ETH-3360-230324,0.40000000,500,2024-03-23 11:52:59.106666,maker
C-ETH-3360-230324,0.30000000,100,2024-03-23 11:54:19.121810,maker
C-ETH-3360-230324,0.20000000,100,2024-03-23 11:54:23.288385,maker
C-ETH-3360-230324,0.30000000,100,2024-03-23 11:54:29.573776,maker
P-ETH-3360-230324,0.80000000,2963,2024-03-23 11:55:40.099330,taker
P-ETH-3360-230324,0.80000000,37,2024-03-23 11:55:40.348277,taker
C-ETH-3360-230324,0.20000000,100,2024-03-23 11:56:12.824601,maker
C-ETH-3380-240324,22.60000000,20,2024-03-23 11:58:08.427771,taker
C-ETH-3800-230324,0.01000000,200,2024-03-23 11:59:36.760006,maker
C-ETH-3800-230324,0.01000000,90,2024-03-23 11:59:51.162867,maker
P-ETH-3360-230324,0.29482759,300,2024-03-23 12:00:00.065915,taker
P-ETH-3360-230324,0.29482759,50,2024-03-23 12:00:00.071116,taker
P-ETH-3360-230324,0.29482759,3000,2024-03-23 12:00:00.095348,taker
C-ETH-3320-230324,39.70517241,1,2024-03-23 12:00:00.563253,taker
C-ETH-3300-230324,59.70517241,1,2024-03-23 12:00:10.671150,taker
C-ETH-3350-290324,147.50000000,1,2024-03-23 12:00:32.207533,taker
C-ETH-3460-240324,4.10000000,5,2024-03-23 12:05:59.988766,maker
C-ETH-3500-240324,1.70000000,35,2024-03-23 12:08:11.214901,taker
P-ETH-3200-240324,1.20000000,5,2024-03-23 12:13:40.861429,taker
C-ETH-3400-240324,14.00000000,3,2024-03-23 12:14:57.708003,maker
C-ETH-3440-240324,6.70000000,200,2024-03-23 12:21:29.583242,taker
C-ETH-3340-240324,44.30000000,100,2024-03-23 12:21:55.901538,maker
C-ETH-3380-240324,22.70000000,1,2024-03-23 12:26:27.102107,taker
P-ETH-3360-240324,20.60000000,1,2024-03-23 12:27:03.141286,maker
C-ETH-3460-240324,4.10000000,30,2024-03-23 12:27:27.817924,maker
C-ETH-3480-240324,1.20000000,9,2024-03-23 12:46:02.964599,maker
C-ETH-3480-240324,2.80000000,9,2024-03-23 12:48:51.944608,taker
C-ETH-3200-240324,178.30000000,3,2024-03-23 12:53:05.323379,maker
C-ETH-3360-240324,27.30000000,10,2024-03-23 13:02:26.563453,maker
P-ETH-3360-240324,28.70000000,1,2024-03-23 13:29:41.190302,taker
C-ETH-3360-240324,32.70000000,1,2024-03-23 14:00:32.720134,taker
C-ETH-3360-240324,27.50000000,1,2024-03-23 14:02:18.812936,maker
P-ETH-3400-240324,51.00000000,10,2024-03-23 14:03:05.809413,taker
C-ETH-3360-240324,34.00000000,10,2024-03-23 14:26:46.482279,taker
C-ETH-3380-240324,34.50000000,1,2024-03-23 14:30:43.508664,taker
C-ETH-3380-240324,31.63000000,20,2024-03-23 14:30:45.658492,taker
P-ETH-3400-290324,118.80000000,40,2024-03-23 14:36:03.046113,maker
P-ETH-3350-290324,102.10000000,40,2024-03-23 14:36:08.662484,taker
C-ETH-3500-240324,3.00000000,35,2024-03-23 14:36:41.853776,taker
C-ETH-3460-240324,9.10000000,35,2024-03-23 14:36:44.324765,taker
P-ETH-3460-240324,61.50000000,20,2024-03-23 14:39:41.995832,maker
C-ETH-3220-240324,181.60000000,20,2024-03-23 14:41:27.836108,maker
C-ETH-3540-240324,1.90000000,1,2024-03-23 14:42:19.787622,taker
P-ETH-3440-240324,43.00000000,9,2024-03-23 14:55:08.443182,maker
P-ETH-3400-240324,21.80000000,1,2024-03-23 14:58:02.676049,taker
C-ETH-3400-240324,42.10000000,300,2024-03-23 15:06:53.242142,maker
C-ETH-3400-240324,40.10000000,300,2024-03-23 15:09:31.094651,maker
C-ETH-3400-240324,37.20000000,8,2024-03-23 15:14:44.505215,taker
C-ETH-3400-240324,36.10000000,300,2024-03-23 15:15:12.635378,maker
C-ETH-3400-240324,33.40000000,58,2024-03-23 15:18:02.529187,taker
P-ETH-3460-240324,75.00000000,20,2024-03-23 15:19:30.808721,taker
C-ETH-3400-240324,26.50000000,4,2024-03-23 15:23:33.858545,taker
C-ETH-3400-240324,21.90000000,4,2024-03-23 15:29:23.562444,maker
C-ETH-3440-240324,8.90000000,100,2024-03-23 15:30:39.135990,taker
C-ETH-3380-240324,37.10000000,50,2024-03-23 15:33:08.401859,maker
C-ETH-3500-240324,2.90000000,1,2024-03-23 15:34:07.986332,maker
C-ETH-3380-240324,38.60000000,20,2024-03-23 15:34:48.545596,taker
P-ETH-3420-240324,47.20000000,1,2024-03-23 15:43:38.131491,taker
P-ETH-3420-240324,40.60000000,1,2024-03-23 15:46:13.857004,maker
C-ETH-3380-240324,35.00000000,20,2024-03-23 15:47:37.670160,maker
C-ETH-3400-250324,60.00000000,10,2024-03-23 15:53:38.689940,taker
P-ETH-3400-240324,23.70000000,10,2024-03-23 15:54:00.728216,maker
P-ETH-3400-240324,28.90000000,10,2024-03-23 16:00:52.815040,taker
C-ETH-3460-240324,6.70000000,1,2024-03-23 16:06:20.438459,maker
C-ETH-3400-240324,31.10000000,20,2024-03-23 16:13:35.709758,taker
C-ETH-3200-240324,212.50000000,20,2024-03-23 16:28:33.193531,taker
C-ETH-3500-240324,2.20000000,1,2024-03-23 16:29:08.621420,maker
P-ETH-3600-240324,187.50000000,20,2024-03-23 16:31:00.099411,taker
P-ETH-3400-240324,20.10000000,120,2024-03-23 16:31:19.604318,maker
C-ETH-3380-240324,50.30000000,50,2024-03-23 16:33:02.042973,taker
C-ETH-3400-240324,37.60000000,40,2024-03-23 16:35:56.976034,maker
C-ETH-3400-240324,35.70000000,10,2024-03-23 16:38:16.777610,maker
P-ETH-3400-290324,116.60000000,40,2024-03-23 16:40:54.214057,taker
P-ETH-3400-260424,268.30000000,40,2024-03-23 16:41:31.126772,maker
C-ETH-3400-240324,36.40000000,20,2024-03-23 16:42:15.660313,maker
P-ETH-3360-240324,4.30000000,1,2024-03-23 16:45:01.266968,maker
P-ETH-3400-240324,16.50000000,100,2024-03-23 16:48:33.699056,maker
C-ETH-3420-240324,24.40000000,20,2024-03-23 17:04:47.156723,taker
C-ETH-3500-050424,152.20000000,5,2024-03-23 17:08:32.309892,maker
C-ETH-3500-050424,156.90000000,5,2024-03-23 17:31:22.581113,taker
C-ETH-3500-240324,4.50000000,58,2024-03-23 17:35:11.660264,taker
P-ETH-3380-240324,16.70000000,100,2024-03-23 17:52:05.634207,taker
C-ETH-3500-240324,1.90000000,58,2024-03-23 17:55:27.575020,maker
P-ETH-3200-240324,0.50000000,3,2024-03-23 18:08:15.489134,taker
C-ETH-3500-240324,3.50000000,3,2024-03-23 18:08:24.788530,taker
P-ETH-3400-240324,25.30000000,1,2024-03-23 18:28:08.625295,taker
C-ETH-3400-240324,28.00000000,50,2024-03-23 18:46:16.979293,maker
P-ETH-3400-240324,21.20000000,1,2024-03-23 18:57:48.376788,maker
C-ETH-3400-240324,25.30000000,50,2024-03-23 19:36:50.075930,taker
P-ETH-3400-240324,32.00000000,120,2024-03-23 19:56:28.798721,taker
C-ETH-3420-240324,10.00000000,3,2024-03-23 21:16:57.688519,taker
P-ETH-3440-240324,65.40000000,9,2024-03-23 23:02:21.818431,maker
C-ETH-3400-240324,10.00000000,40,2024-03-23 23:10:17.338538,maker
P-ETH-3400-240324,52.60000000,1,2024-03-23 23:48:03.383951,taker
P-ETH-3400-240324,65.80000000,10,2024-03-23 23:56:48.769320,maker
C-ETH-3340-240324,19.00000000,1,2024-03-24 00:02:19.785211,maker
C-ETH-3400-240324,6.40000000,20,2024-03-24 01:09:06.991624,taker
C-ETH-3340-240324,25.80000000,1,2024-03-24 01:12:55.145473,maker
C-ETH-3400-240324,4.80000000,10,2024-03-24 01:13:44.903226,taker
C-ETH-3380-240324,10.30000000,2,2024-03-24 01:35:41.382106,maker
C-ETH-3340-240324,23.00000000,15,2024-03-24 01:41:39.966099,maker
C-ETH-3340-240324,24.60000000,3,2024-03-24 01:44:35.248581,maker
C-ETH-3340-240324,24.70000000,3,2024-03-24 02:04:23.048225,taker
C-ETH-3350-290324,126.60000000,40,2024-03-24 02:26:41.334880,taker
C-ETH-3400-260424,300.90000000,40,2024-03-24 02:28:11.403914,maker
P-ETH-3380-240324,40.40000000,10,2024-03-24 02:30:25.307051,maker
P-ETH-3380-240324,41.20000000,10,2024-03-24 02:30:55.896683,maker
P-ETH-3440-240324,94.00000000,100,2024-03-24 02:47:10.269574,taker
P-ETH-3950-290324,594.50000000,50,2024-03-24 02:52:50.909380,maker
P-ETH-4000-260424,724.60000000,40,2024-03-24 02:53:06.833323,taker
C-ETH-4400-260424,56.10000000,50,2024-03-24 02:54:12.993514,maker
C-ETH-3380-240324,5.00000000,2,2024-03-24 02:54:25.102700,maker
C-ETH-3340-240324,18.00000000,180,2024-03-24 03:05:06.261519,maker
C-ETH-3360-240324,10.20000000,1,2024-03-24 03:05:06.271088,maker
C-ETH-3420-240324,1.00000000,3,2024-03-24 03:05:15.567956,maker
P-ETH-3360-240324,37.60000000,50,2024-03-24 03:08:31.677681,maker
P-ETH-3360-240324,44.80000000,1,2024-03-24 03:09:41.880461,taker
P-ETH-3400-240324,83.40000000,100,2024-03-24 03:12:41.032607,maker
C-ETH-3340-240324,9.90000000,100,2024-03-24 03:14:16.092080,taker
C-ETH-3340-240324,10.00000000,3,2024-03-24 03:15:19.993832,taker
C-ETH-3360-240324,7.80000000,15,2024-03-24 03:18:08.932809,taker
C-ETH-3540-240324,0.01000000,1,2024-03-24 03:19:04.948480,maker
P-ETH-3380-240324,56.40000000,100,2024-03-24 03:22:26.611796,taker
P-ETH-3440-240324,113.50000000,100,2024-03-24 03:22:26.614086,taker
C-ETH-3440-240324,0.01000000,100,2024-03-24 03:22:26.618627,maker
P-ETH-3360-240324,40.30000000,50,2024-03-24 03:22:26.625760,taker
C-ETH-3380-240324,3.00000000,5,2024-03-24 03:22:56.103231,taker
C-ETH-3380-240324,4.20000000,995,2024-03-24 03:22:56.103282,taker
P-ETH-3340-240324,29.50000000,1,2024-03-24 03:24:03.227357,taker
P-ETH-3220-240324,1.50000000,8,2024-03-24 03:34:31.200401,taker
P-ETH-3340-240324,33.60000000,1,2024-03-24 03:34:43.895389,maker
C-ETH-3360-240324,4.60000000,15,2024-03-24 03:36:30.047251,maker
P-ETH-3320-240324,18.20000000,50,2024-03-24 03:37:48.434059,maker
C-ETH-3340-240324,10.50000000,20,2024-03-24 03:56:21.200595,maker
C-ETH-3380-240324,2.10000000,20,2024-03-24 04:01:36.482388,maker
C-ETH-3360-240324,5.30000000,5,2024-03-24 04:10:08.588031,maker
C-ETH-3380-240324,2.50000000,5,2024-03-24 04:13:50.828399,maker
C-ETH-3380-240324,1.90000000,500,2024-03-24 04:32:17.536880,taker
C-ETH-3300-260424,347.40000000,10,2024-03-24 04:36:50.383848,maker
C-ETH-3340-240324,8.80000000,15,2024-03-24 04:41:07.064429,maker
P-ETH-3260-240324,4.90000000,1200,2024-03-24 04:41:09.651811,taker
P-ETH-3320-250324,45.00000000,15,2024-03-24 05:16:36.662498,maker
C-ETH-3300-260424,357.30000000,10,2024-03-24 05:20:06.569400,taker
C-ETH-3340-240324,9.50000000,150,2024-03-24 06:32:40.963557,maker
C-ETH-3220-240324,105.00000000,2,2024-03-24 06:38:19.074882,taker
P-ETH-3320-250324,49.00000000,15,2024-03-24 06:46:26.453868,maker
C-ETH-3380-240324,1.60000000,100,2024-03-24 06:51:14.502666,taker
C-ETH-3300-240324,29.70000000,260,2024-03-24 06:52:01.124828,taker
C-ETH-3300-240324,30.90000000,8,2024-03-24 06:52:26.928811,taker
C-ETH-3460-250324,8.00000000,1000,2024-03-24 06:53:33.351942,taker
C-ETH-3300-240324,31.20000000,268,2024-03-24 06:56:43.198827,maker
C-ETH-3220-240324,106.20000000,2,2024-03-24 06:58:09.965020,maker
P-ETH-3340-240324,22.60000000,3,2024-03-24 07:14:55.437988,maker
P-ETH-3340-240324,25.30000000,3,2024-03-24 07:23:13.944884,taker
C-ETH-3400-240324,0.70000000,30,2024-03-24 07:30:11.924522,maker
P-ETH-3600-250324,283.80000000,3,2024-03-24 07:38:55.059854,taker
P-ETH-3300-240324,6.00000000,20,2024-03-24 07:41:30.676057,maker
C-ETH-3360-240324,4.90000000,20,2024-03-24 07:48:33.041264,taker
C-ETH-3400-290324,96.20000000,10,2024-03-24 07:52:16.639269,taker
P-ETH-3320-240324,5.90000000,50,2024-03-24 08:03:30.678896,taker
C-ETH-3380-240324,1.60000000,75,2024-03-24 08:07:23.717266,taker
C-ETH-3380-240324,2.00000000,25,2024-03-24 08:09:40.275872,taker
C-ETH-3340-240324,24.80000000,150,2024-03-24 08:15:30.453312,taker
C-ETH-3340-240324,17.40000000,20,2024-03-24 08:17:32.520713,maker
C-ETH-3380-240324,2.60000000,20,2024-03-24 08:17:45.597627,maker
C-ETH-3360-240324,9.50000000,2,2024-03-24 08:19:05.233461,taker
P-ETH-3260-240324,0.40000000,4,2024-03-24 08:26:51.646898,maker
P-ETH-3340-240324,7.70000000,2,2024-03-24 08:28:04.022920,maker
C-ETH-3400-290324,106.00000000,10,2024-03-24 08:49:49.152763,taker
C-ETH-3380-240324,4.50000000,1500,2024-03-24 08:49:52.200163,taker
C-ETH-3340-240324,30.20000000,180,2024-03-24 08:53:49.469610,taker
C-ETH-3460-250324,13.00000000,1000,2024-03-24 08:53:57.007323,maker
P-ETH-3340-240324,1.50000000,30,2024-03-24 08:58:39.217164,maker
C-ETH-3360-240324,17.80000000,20,2024-03-24 09:01:05.871885,maker
P-ETH-3300-240324,0.01000000,20,2024-03-24 09:01:05.875242,maker
P-ETH-3340-240324,2.00000000,30,2024-03-24 09:19:39.220336,taker
P-ETH-3360-240324,4.60000000,30,2024-03-24 09:36:57.930532,maker
P-ETH-3360-240324,6.60000000,30,2024-03-24 09:44:18.706866,maker
P-ETH-3340-240324,2.00000000,2,2024-03-24 09:50:00.477721,taker
P-ETH-3200-250324,3.00000000,6,2024-03-24 09:52:10.370199,taker
P-ETH-3260-240324,0.01000000,1200,2024-03-24 09:53:45.458390,maker
C-ETH-3380-250324,37.10000000,10,2024-03-24 10:01:06.150845,taker
P-ETH-3360-240324,3.90000000,30,2024-03-24 10:09:41.053076,maker
C-ETH-3360-240324,20.00000000,2,2024-03-24 10:27:15.995957,taker
C-ETH-3380-240324,8.00000000,40,2024-03-24 10:29:11.172428,taker
C-ETH-3380-240324,10.30000000,40,2024-03-24 10:29:25.192348,taker
C-ETH-3380-240324,11.30000000,100,2024-03-24 10:29:41.604124,taker
C-ETH-3360-240324,29.20000000,5,2024-03-24 10:29:49.910908,taker
C-ETH-3380-240324,12.20000000,80,2024-03-24 10:30:13.500039,taker
C-ETH-3400-240324,1.60000000,20,2024-03-24 10:30:47.268050,maker
C-ETH-3380-240324,8.60000000,5,2024-03-24 10:30:51.023745,maker
C-ETH-3380-240324,9.10000000,10,2024-03-24 10:31:06.089076,taker
C-ETH-3380-250324,42.20000000,10,2024-03-24 10:35:18.921411,maker
C-ETH-3380-240324,7.00000000,4,2024-03-24 10:36:55.663164,maker
C-ETH-3380-240324,6.90000000,100,2024-03-24 10:37:00.191963,taker
P-ETH-3300-250324,15.30000000,5,2024-03-24 10:37:55.225729,taker
C-ETH-3380-240324,5.20000000,190,2024-03-24 10:37:58.975039,maker
C-ETH-3250-290324,209.10000000,10,2024-03-24 10:42:10.698756,taker
C-ETH-3280-240324,104.40000000,1,2024-03-24 10:44:05.281244,taker
P-ETH-3360-240324,0.60000000,60,2024-03-24 10:47:51.222293,maker
C-ETH-3380-240324,8.80000000,100,2024-03-24 10:49:12.058581,maker
C-ETH-3380-240324,8.20000000,5,2024-03-24 10:50:10.185610,taker
C-ETH-3180-250324,213.00000000,20,2024-03-24 10:50:53.186405,taker
C-ETH-3200-240324,183.40000000,20,2024-03-24 10:51:07.495414,maker
P-ETH-3520-250324,143.40000000,20,2024-03-24 10:52:10.138129,taker
P-ETH-3600-240324,214.10000000,20,2024-03-24 10:52:16.503942,maker
C-ETH-3280-240324,93.90000000,1,2024-03-24 11:00:00.538549,maker
C-ETH-3760-240324,0.01000000,1072,2024-03-24 11:02:27.529011,maker
P-ETH-3120-240324,0.01000000,1071,2024-03-24 11:02:27.529941,maker
P-ETH-3380-240324,8.10000000,250,2024-03-24 11:05:41.721427,maker
P-ETH-3380-240324,5.10000000,100,2024-03-24 11:13:49.844790,maker
C-ETH-3400-240324,0.01000000,900,2024-03-24 11:14:37.486424,maker
P-ETH-3380-240324,5.10000000,253,2024-03-24 11:16:54.421772,maker
C-ETH-3460-250324,14.30000000,850,2024-03-24 11:17:29.496713,taker
C-ETH-3460-250324,14.60000000,23,2024-03-24 11:18:04.364762,taker
P-ETH-3380-240324,4.10000000,253,2024-03-24 11:20:30.629233,maker
C-ETH-3460-250324,13.80000000,873,2024-03-24 11:20:33.316554,maker
C-ETH-3380-240324,0.20000000,500,2024-03-24 11:44:58.712944,maker
C-ETH-3380-240324,0.20000000,500,2024-03-24 11:45:06.968685,maker
C-ETH-3400-240324,0.30000000,2206,2024-03-24 11:48:52.799542,taker
C-ETH-3400-240324,0.31000000,2661,2024-03-24 11:48:52.800265,taker
C-ETH-3400-240324,0.40000000,4018,2024-03-24 11:48:52.801042,taker
C-ETH-3400-240324,0.42000000,1115,2024-03-24 11:48:52.801797,taker
C-ETH-3400-240324,0.01000000,10000,2024-03-24 11:53:58.056839,maker
C-ETH-3360-240324,18.80000000,100,2024-03-24 11:55:29.666660,taker
C-ETH-3380-240324,0.10000000,600,2024-03-24 11:55:34.861126,maker
C-ETH-3380-240324,0.23000000,4,2024-03-24 11:56:12.243506,taker
P-ETH-3300-250324,10.20000000,5,2024-03-24 11:56:16.962340,maker
C-ETH-3360-240324,17.80000000,100,2024-03-24 11:59:13.253422,maker
P-ETH-3380-240324,1.10000000,856,2024-03-24 11:59:14.184378,maker
C-ETH-3360-240324,17.80000000,1,2024-03-24 11:59:31.323686,maker
C-ETH-3340-240324,38.01586207,3,2024-03-24 12:00:00.092503,taker
C-ETH-3400-250324,34.20000000,2,2024-03-24 12:01:54.098876,taker
C-ETH-3400-250324,37.10000000,2,2024-03-24 12:07:21.896785,maker
P-ETH-3340-250324,18.40000000,1,2024-03-24 12:07:24.725402,maker
P-ETH-3180-250324,1.80000000,500,2024-03-24 12:19:57.370177,taker
C-ETH-3400-250324,36.40000000,9,2024-03-24 12:27:57.364893,taker
C-ETH-3400-250324,37.00000000,9,2024-03-24 12:41:36.129891,taker
C-ETH-3460-250324,18.20000000,10,2024-03-24 12:53:27.299210,taker
C-ETH-3420-250324,32.80000000,3,2024-03-24 12:56:10.446237,maker
P-ETH-3200-250324,2.00000000,6,2024-03-24 12:56:16.359612,taker
C-ETH-3400-250324,43.60000000,4,2024-03-24 12:56:51.734184,maker
C-ETH-3460-250324,19.40000000,25,2024-03-24 12:59:38.220987,taker
C-ETH-3460-250324,18.30000000,10,2024-03-24 13:00:10.554904,maker
C-ETH-3400-250324,36.90000000,4,2024-03-24 13:30:35.750922,maker
C-ETH-3460-250324,15.90000000,20,2024-03-24 13:42:18.830567,maker
P-ETH-3400-250324,48.30000000,15,2024-03-24 13:43:54.172141,taker
C-ETH-3400-250324,35.00000000,10,2024-03-24 14:00:52.608050,maker
C-ETH-3600-250324,0.70000000,4,2024-03-24 14:05:25.727130,maker
P-ETH-3380-250324,33.80000000,75,2024-03-24 14:06:38.542514,maker
C-ETH-3400-250324,35.50000000,75,2024-03-24 14:06:53.631793,taker
P-ETH-3260-250324,5.20000000,75,2024-03-24 14:08:28.397715,maker
C-ETH-3520-250324,5.40000000,75,2024-03-24 14:09:20.047736,taker
C-ETH-3400-250324,39.50000000,10,2024-03-24 14:15:19.135428,maker
C-ETH-3400-250324,45.00000000,7,2024-03-24 14:22:11.231853,taker
C-ETH-3400-250324,47.30000000,10,2024-03-24 14:23:55.231884,taker
C-ETH-3400-250324,47.00000000,10,2024-03-24 14:25:01.877367,maker
P-ETH-3600-250324,196.90000000,3,2024-03-24 14:42:48.670857,maker
C-ETH-3380-250324,50.60000000,100,2024-03-24 14:45:49.093605,taker
P-ETH-3380-250324,30.50000000,1,2024-03-24 14:46:25.003733,maker
C-ETH-3420-250324,29.70000000,75,2024-03-24 15:03:16.632745,maker
P-ETH-3360-250324,20.30000000,75,2024-03-24 15:04:24.810337,maker
P-ETH-3240-250324,2.80000000,75,2024-03-24 15:04:44.447916,taker
C-ETH-3560-250324,2.90000000,75,2024-03-24 15:08:39.182742,maker
P-ETH-3280-250324,7.50000000,600,2024-03-24 15:11:34.785061,taker
C-ETH-3460-250324,15.50000000,3,2024-03-24 15:11:48.447165,taker
P-ETH-3380-250324,36.20000000,70,2024-03-24 15:11:54.096121,taker
C-ETH-3400-250324,36.70000000,1,2024-03-24 15:12:02.495845,taker
C-ETH-3460-250324,15.70000000,3,2024-03-24 15:13:24.752677,taker
C-ETH-3400-250324,36.60000000,1,2024-03-24 15:17:41.847072,maker
C-ETH-3400-250324,38.00000000,1,2024-03-24 15:18:13.062347,taker
P-ETH-3400-050424,171.40000000,4,2024-03-24 15:19:38.576697,taker
C-ETH-3400-250324,37.60000000,1,2024-03-24 15:21:29.719680,taker
C-ETH-3400-250324,41.60000000,2,2024-03-24 15:30:07.840581,maker
C-ETH-3380-250324,51.38000000,5,2024-03-24 15:32:17.346374,maker
C-ETH-3400-250324,40.20000000,2,2024-03-24 15:33:31.323139,taker
P-ETH-3340-250324,16.80000000,100,2024-03-24 15:34:57.708793,maker
C-ETH-3380-250324,49.50000000,5,2024-03-24 15:51:55.460854,taker
C-ETH-3380-250324,51.70000000,10,2024-03-24 15:52:39.189138,taker
P-ETH-3380-250324,32.10000000,2,2024-03-24 15:59:04.101026,taker
C-ETH-3380-250324,51.10000000,1,2024-03-24 15:59:21.052900,taker
C-ETH-3380-250324,52.40000000,10,2024-03-24 16:05:45.673905,maker
C-ETH-3380-250324,55.50000000,100,2024-03-24 16:09:28.385381,maker
C-ETH-3440-250324,26.50000000,200,2024-03-24 16:10:56.462380,taker
P-ETH-3420-250324,53.70000000,200,2024-03-24 16:16:05.573650,taker
C-ETH-3440-250324,20.40000000,200,2024-03-24 16:23:11.564879,maker
P-ETH-3340-250324,21.90000000,100,2024-03-24 16:23:32.622776,maker
P-ETH-3360-250324,28.00000000,75,2024-03-24 16:24:21.753572,taker
P-ETH-3260-250324,4.90000000,75,2024-03-24 16:24:21.830887,maker
C-ETH-3400-250324,37.30000000,75,2024-03-24 16:24:21.906448,taker
P-ETH-3380-250324,36.40000000,75,2024-03-24 16:24:21.972461,taker
C-ETH-3420-250324,28.60000000,75,2024-03-24 16:24:22.040507,taker
P-ETH-3240-250324,3.20000000,75,2024-03-24 16:24:22.044151,maker
C-ETH-3520-250324,4.70000000,75,2024-03-24 16:24:22.121485,maker
C-ETH-3560-250324,2.00000000,75,2024-03-24 16:24:22.181343,maker
C-ETH-3460-250324,12.60000000,6,2024-03-24 16:47:35.302418,maker
P-ETH-3380-250324,43.90000000,10,2024-03-24 16:48:35.473328,taker
P-ETH-3120-250324,0.70000000,3,2024-03-24 16:52:59.583588,taker
P-ETH-3380-250324,45.13000000,1,2024-03-24 16:53:22.180352,maker
P-ETH-3380-250324,43.80000000,2,2024-03-24 16:53:22.426111,maker
C-ETH-3400-250324,27.50000000,1,2024-03-24 16:54:14.764775,maker
C-ETH-3400-250324,27.60000000,7,2024-03-24 16:59:06.015117,maker
C-ETH-3360-250324,45.40000000,1,2024-03-24 16:59:56.165503,maker
C-ETH-3420-250324,18.20000000,45,2024-03-24 17:03:10.623637,maker
P-ETH-3340-250324,35.50000000,1,2024-03-24 17:04:11.273772,taker
P-ETH-3340-250324,39.70000000,1,2024-03-24 17:04:47.239457,maker
P-ETH-3380-250324,58.70000000,10,2024-03-24 17:04:59.140029,maker
C-ETH-3360-250324,36.10000000,1,2024-03-24 17:05:11.586682,taker
C-ETH-3250-290324,181.68000000,10,2024-03-24 17:05:16.999949,taker
C-ETH-3420-250324,13.70000000,45,2024-03-24 17:06:51.806601,taker
P-ETH-3380-250324,63.30000000,70,2024-03-24 17:07:30.947017,maker
C-ETH-3340-250324,42.95000000,4,2024-03-24 17:08:39.996955,maker
C-ETH-3120-250324,219.70000000,1,2024-03-24 17:15:04.443120,maker
C-ETH-3120-250324,232.10000000,1,2024-03-24 17:16:29.720170,maker
P-ETH-3420-250324,87.70000000,200,2024-03-24 17:20:06.454313,taker
P-ETH-3360-250324,48.00000000,80,2024-03-24 17:23:04.159181,taker
P-ETH-3440-250324,106.90000000,7,2024-03-24 17:26:42.655096,maker
C-ETH-3340-250324,53.00000000,4,2024-03-24 17:39:13.269016,taker
C-ETH-3180-250324,194.90000000,10,2024-03-24 17:49:31.349710,taker
P-ETH-3520-250324,156.30000000,10,2024-03-24 17:50:06.455889,taker
C-ETH-3180-250324,190.70000000,10,2024-03-24 17:53:36.189280,taker
P-ETH-3520-250324,157.90000000,10,2024-03-24 17:53:57.579150,taker
P-ETH-3440-250324,76.60000000,7,2024-03-24 18:05:42.178903,maker
P-ETH-3600-260324,228.90000000,1,2024-03-24 18:13:03.727820,taker
P-ETH-3400-250324,50.80000000,14,2024-03-24 18:24:33.606801,maker
P-ETH-3360-250324,31.00000000,80,2024-03-24 18:25:20.738616,maker
P-ETH-3320-250324,14.60000000,1,2024-03-24 18:26:10.142956,taker
P-ETH-3320-250324,15.40000000,1,2024-03-24 18:28:16.874306,maker
C-ETH-3380-250324,46.00000000,20,2024-03-24 18:34:45.894475,taker
C-ETH-3120-260324,265.30000000,100,2024-03-24 18:49:31.467773,maker
C-ETH-3380-250324,41.00000000,20,2024-03-24 18:56:28.381927,taker
C-ETH-3120-260324,285.30000000,100,2024-03-24 19:03:28.532569,maker
C-ETH-3380-250324,41.00000000,20,2024-03-24 19:58:41.616415,taker
C-ETH-3380-250324,48.20000000,20,2024-03-24 20:17:30.983080,maker
C-ETH-3700-050424,70.00000000,100,2024-03-24 20:21:21.313502,maker
P-ETH-3300-050424,115.60000000,50,2024-03-24 20:21:47.268870,taker
P-ETH-3300-050424,115.00000000,50,2024-03-24 20:21:53.444082,taker
C-ETH-3380-250324,63.00000000,1,2024-03-24 20:23:15.092378,maker
C-ETH-3560-250324,3.30000000,25,2024-03-24 21:21:37.019574,taker
C-ETH-3420-250324,36.40000000,200,2024-03-24 22:01:03.313271,taker
P-ETH-3360-250324,9.60000000,500,2024-03-24 22:26:19.866172,taker
P-ETH-3360-250324,8.20000000,200,2024-03-24 22:28:31.042679,taker
C-ETH-3420-250324,53.70000000,200,2024-03-24 23:07:12.361962,maker
C-ETH-3440-250324,34.40000000,88,2024-03-25 00:24:20.837529,maker
C-ETH-3560-250324,1.80000000,25,2024-03-25 00:34:08.243613,maker
P-ETH-3400-250324,19.80000000,14,2024-03-25 00:35:40.744121,taker
C-ETH-3440-250324,27.50000000,88,2024-03-25 00:38:31.490713,taker
P-ETH-3440-250324,40.20000000,130,2024-03-25 00:39:35.768394,taker
C-ETH-3420-250324,37.90000000,1,2024-03-25 00:48:38.866633,maker
P-ETH-3440-250324,30.30000000,130,2024-03-25 01:03:50.404175,maker
P-ETH-3420-250324,23.00000000,70,2024-03-25 01:04:48.065052,maker
C-ETH-3460-250324,18.20000000,9,2024-03-25 01:21:13.122296,taker
C-ETH-3600-260324,11.80000000,1,2024-03-25 01:59:13.104553,taker
C-ETH-3400-250324,50.80000000,2,2024-03-25 02:02:59.877792,maker
P-ETH-3440-250324,36.70000000,5,2024-03-25 02:13:44.299487,taker
P-ETH-3440-250324,38.30000000,5,2024-03-25 02:17:59.857116,maker
C-ETH-3460-250324,21.60000000,25,2024-03-25 02:35:12.449279,maker
C-ETH-3600-250324,0.90000000,200,2024-03-25 02:44:49.767329,taker
C-ETH-3420-250324,39.90000000,6,2024-03-25 02:50:49.420672,taker
C-ETH-3480-250324,14.10000000,2,2024-03-25 03:00:09.824277,taker
P-ETH-3440-250324,30.00000000,10,2024-03-25 03:01:41.847733,taker
P-ETH-3440-250324,26.00000000,10,2024-03-25 03:07:31.210129,maker
C-ETH-3460-250324,22.50000000,10,2024-03-25 03:08:56.608883,taker
C-ETH-3460-250324,20.50000000,10,2024-03-25 03:11:20.982228,maker
C-ETH-3460-250324,21.30000000,4,2024-03-25 03:20:24.503570,taker
P-ETH-3420-250324,20.40000000,70,2024-03-25 03:26:25.246026,taker
C-ETH-3420-250324,38.00000000,6,2024-03-25 03:31:47.079750,maker
C-ETH-3420-250324,48.91000000,1,2024-03-25 04:08:18.800579,taker
C-ETH-3460-250324,27.60000000,4,2024-03-25 04:09:13.787403,maker
C-ETH-3480-250324,20.10000000,2,2024-03-25 04:09:15.175113,maker
C-ETH-3500-050424,166.50000000,2,2024-03-25 04:10:29.206659,taker
P-ETH-3480-260324,69.00000000,10,2024-03-25 04:15:15.239203,maker
P-ETH-3480-260324,71.60000000,10,2024-03-25 04:17:43.472460,taker
C-ETH-3420-260324,75.30000000,10,2024-03-25 04:19:59.861453,taker
C-ETH-3440-250324,34.50000000,1,2024-03-25 04:20:26.365240,maker
C-ETH-3500-050424,160.50000000,10,2024-03-25 04:27:09.634829,taker
C-ETH-3440-250324,37.00000000,9,2024-03-25 04:30:12.621812,taker
C-ETH-3500-050424,164.10000000,5,2024-03-25 04:34:36.893013,taker
C-ETH-3460-250324,34.40000000,9,2024-03-25 04:47:48.085122,taker
P-ETH-3440-250324,14.80000000,20,2024-03-25 04:48:11.612265,taker
P-ETH-3360-250324,0.50000000,700,2024-03-25 04:53:27.518303,maker
P-ETH-3180-250324,0.01000000,500,2024-03-25 04:53:27.520998,maker
C-ETH-3440-250324,54.60000000,1,2024-03-25 04:54:00.732979,maker
P-ETH-3420-250324,6.90000000,500,2024-03-25 04:54:24.634418,maker
C-ETH-3420-260324,101.10000000,10,2024-03-25 04:56:46.853842,taker
P-ETH-3420-250324,6.20000000,100,2024-03-25 04:56:49.167982,taker
P-ETH-3420-250324,6.10000000,400,2024-03-25 04:58:29.406301,taker
P-ETH-3480-250324,21.80000000,2,2024-03-25 05:03:41.370613,maker
P-ETH-3500-290324,111.90000000,40,2024-03-25 05:11:47.521430,maker
P-ETH-3400-260424,246.20000000,40,2024-03-25 05:12:02.154313,taker
C-ETH-3200-260324,297.90000000,10,2024-03-25 05:14:02.815247,taker
C-ETH-3180-250324,304.40000000,40,2024-03-25 05:14:31.457084,maker
C-ETH-3200-260324,297.30000000,10,2024-03-25 05:14:56.484714,taker
C-ETH-3200-260324,296.20000000,10,2024-03-25 05:15:06.062388,taker
C-ETH-3200-260324,297.20000000,10,2024-03-25 05:15:13.854116,taker
P-ETH-3500-250324,28.00000000,100,2024-03-25 05:18:40.561636,maker
P-ETH-3440-250324,9.10000000,350,2024-03-25 05:28:49.368127,maker
P-ETH-3460-250324,8.80000000,50,2024-03-25 05:33:49.243575,maker
P-ETH-3500-250324,38.00000000,5,2024-03-25 06:07:11.600625,taker
P-ETH-3400-250324,2.50000000,10,2024-03-25 06:11:23.725492,taker
P-ETH-3180-250324,0.01000000,10,2024-03-25 06:15:53.535574,maker
P-ETH-3440-250324,10.00000000,4,2024-03-25 06:21:02.941364,maker
P-ETH-3500-250324,39.20000000,5,2024-03-25 06:25:32.666254,maker
P-ETH-3460-250324,18.00000000,50,2024-03-25 06:26:38.986337,taker
C-ETH-3460-260324,65.70000000,2,2024-03-25 06:29:09.234020,taker
P-ETH-3480-250324,28.10000000,2,2024-03-25 06:29:58.516753,maker
P-ETH-3460-250324,20.00000000,130,2024-03-25 06:32:05.401373,taker
P-ETH-3500-250324,45.00000000,100,2024-03-25 06:36:16.306988,taker
P-ETH-3400-250324,5.10000000,10,2024-03-25 06:36:38.023003,maker
P-ETH-3460-250324,20.90000000,130,2024-03-25 06:43:54.755502,maker
P-ETH-3460-250324,22.80000000,107,2024-03-25 06:47:22.250657,taker
P-ETH-3440-250324,11.00000000,10,2024-03-25 07:02:46.873110,maker
C-ETH-3500-050424,174.70000000,20,2024-03-25 07:05:47.970736,taker
C-ETH-3500-050424,175.80000000,20,2024-03-25 07:07:58.602122,taker
P-ETH-3440-250324,9.40000000,340,2024-03-25 07:09:38.674203,maker
P-ETH-3460-250324,18.40000000,112,2024-03-25 07:10:21.733216,taker
C-ETH-3500-050424,173.40000000,10,2024-03-25 07:10:25.775953,taker
C-ETH-3500-050424,173.10000000,5,2024-03-25 07:10:49.573781,taker
C-ETH-3500-050424,172.80000000,2,2024-03-25 07:11:08.403206,taker
P-ETH-3380-250324,1.10000000,40,2024-03-25 07:23:09.484903,maker
P-ETH-3380-250324,2.10000000,40,2024-03-25 07:24:14.691878,taker
C-ETH-3500-290324,102.10000000,15,2024-03-25 07:26:18.532257,taker
P-ETH-3420-250324,6.50000000,13,2024-03-25 07:26:47.260719,maker
P-ETH-3480-250324,33.40000000,2,2024-03-25 07:41:25.851478,taker
P-ETH-3420-250324,6.70000000,900,2024-03-25 07:42:16.533474,maker
P-ETH-3440-250324,12.60000000,1,2024-03-25 07:45:47.637027,taker
P-ETH-3440-250324,13.80000000,8,2024-03-25 07:48:40.895662,maker
P-ETH-3480-250324,35.40000000,2,2024-03-25 07:49:07.391997,maker
P-ETH-3380-250324,3.00000000,1,2024-03-25 07:59:10.342871,taker
P-ETH-3380-250324,3.00000000,1,2024-03-25 07:59:21.530814,taker
P-ETH-3440-250324,18.00000000,11,2024-03-25 08:00:18.301464,taker
P-ETH-3440-250324,17.30000000,11,2024-03-25 08:01:05.296645,maker
P-ETH-3420-250324,7.70000000,100,2024-03-25 08:04:40.489977,maker
P-ETH-3420-250324,7.10000000,13,2024-03-25 08:07:05.612684,maker
P-ETH-3460-250324,17.90000000,219,2024-03-25 08:25:10.904373,maker
P-ETH-3400-050424,144.00000000,10,2024-03-25 08:54:46.435776,maker
P-ETH-3380-250324,0.90000000,2,2024-03-25 08:57:03.240724,maker
C-ETH-3080-250324,379.30000000,10,2024-03-25 09:00:52.920984,taker
C-ETH-3420-250324,30.70000000,200,2024-03-25 09:14:19.624413,maker
C-ETH-3460-250324,9.40000000,30,2024-03-25 09:14:31.104639,taker
P-ETH-3520-250324,72.70000000,1,2024-03-25 09:21:25.090668,maker
C-ETH-3420-260324,67.60000000,20,2024-03-25 09:40:10.931375,taker
C-ETH-3420-260324,68.90000000,20,2024-03-25 09:40:24.451531,taker
P-ETH-3280-250324,0.30000000,600,2024-03-25 09:47:31.285927,taker
C-ETH-3420-260324,69.60000000,40,2024-03-25 09:48:32.632145,maker
C-ETH-3400-250324,52.90000000,50,2024-03-25 09:54:51.392293,taker
C-ETH-3400-250324,57.70000000,50,2024-03-25 09:59:28.827471,maker
C-ETH-3460-250324,11.80000000,15,2024-03-25 10:00:28.623510,maker
C-ETH-3460-250324,12.30000000,15,2024-03-25 10:03:22.574734,maker
C-ETH-3420-250324,40.50000000,100,2024-03-25 10:03:34.898978,maker
C-ETH-3420-250324,40.60000000,100,2024-03-25 10:06:20.015827,taker
P-ETH-3480-250324,17.70000000,300,2024-03-25 10:13:12.457962,maker
P-ETH-3400-050424,128.10000000,4,2024-03-25 10:16:05.786813,maker
P-ETH-3420-250324,1.00000000,40,2024-03-25 10:22:35.714162,taker
P-ETH-3480-250324,22.60000000,300,2024-03-25 10:29:46.445522,maker
P-ETH-3440-250324,4.20000000,90,2024-03-25 10:30:05.452008,maker
C-ETH-3480-250324,4.00000000,50,2024-03-25 10:41:16.991259,maker
P-ETH-3480-250324,31.00000000,50,2024-03-25 10:45:07.012966,taker
P-ETH-3420-250324,1.41000000,40,2024-03-25 10:45:50.292153,taker
C-ETH-3460-250324,5.00000000,50,2024-03-25 10:50:29.974291,maker
P-ETH-3640-260324,195.20000000,20,2024-03-25 10:55:07.050161,taker
P-ETH-3520-250324,65.70000000,40,2024-03-25 10:55:27.386109,maker
P-ETH-3640-260324,192.30000000,20,2024-03-25 10:55:45.312967,taker
P-ETH-3440-250324,5.00000000,90,2024-03-25 11:08:30.442022,taker
P-ETH-3480-250324,34.90000000,50,2024-03-25 11:09:05.769071,maker
P-ETH-3440-250324,6.30000000,4,2024-03-25 11:15:32.475262,taker
C-ETH-3420-250324,25.20000000,50,2024-03-25 11:16:04.708530,taker
C-ETH-3460-250324,1.50000000,100,2024-03-25 11:16:42.180220,maker
C-ETH-3420-250324,19.80000000,50,2024-03-25 11:17:51.548979,maker
C-ETH-3600-250324,0.01000000,1064,2024-03-25 11:20:46.612084,maker
P-ETH-3080-250324,0.01000000,1065,2024-03-25 11:20:46.614057,maker
P-ETH-3460-250324,26.00000000,50,2024-03-25 11:20:53.463692,taker
C-ETH-3440-250324,4.02000000,45,2024-03-25 11:21:40.420805,maker
C-ETH-3460-250324,0.01000000,20,2024-03-25 11:29:10.649182,maker
C-ETH-3200-260324,247.40000000,5,2024-03-25 11:29:17.995066,taker
P-ETH-3640-260324,205.80000000,5,2024-03-25 11:29:38.612817,taker
P-ETH-3520-250324,85.50000000,1,2024-03-25 11:34:59.452787,taker
C-ETH-3440-250324,2.20000000,1,2024-03-25 11:35:30.026652,maker
C-ETH-3400-260324,70.90000000,1,2024-03-25 11:35:44.347584,taker
P-ETH-3400-260324,34.20000000,1,2024-03-25 11:36:56.376557,taker
P-ETH-3300-260324,9.00000000,1,2024-03-25 11:38:28.703065,maker
C-ETH-3600-250324,0.30000000,4,2024-03-25 11:40:55.925794,taker
C-ETH-3640-260324,3.20000000,4,2024-03-25 11:42:13.417117,maker
C-ETH-3420-250324,16.29344828,3,2024-03-25 12:00:00.509106,taker
C-ETH-3400-250324,36.29344828,1,2024-03-25 12:00:00.771589,taker
P-ETH-3440-250324,3.70655172,1,2024-03-25 12:00:07.399617,taker
C-ETH-3080-250324,356.29344828,10,2024-03-25 12:00:11.530793,taker
P-ETH-3460-250324,23.70655172,50,2024-03-25 12:00:12.270709,taker
C-ETH-3420-260324,62.20000000,1,2024-03-25 12:03:59.034241,taker
C-ETH-3420-260324,68.30000000,60,2024-03-25 12:10:11.890684,taker
P-ETH-3500-290324,127.90000000,1,2024-03-25 12:24:22.711525,maker
C-ETH-3420-260324,66.80000000,1,2024-03-25 12:31:16.071943,maker
P-ETH-3480-260324,64.20000000,80,2024-03-25 12:43:03.461605,taker
C-ETH-3460-260324,47.60000000,50,2024-03-25 12:49:02.511380,taker
C-ETH-3420-260324,65.10000000,1,2024-03-25 12:56:49.383368,maker
P-ETH-3420-260324,29.70000000,2,2024-03-25 13:05:17.066989,maker
P-ETH-3420-260324,33.30000000,2,2024-03-25 13:11:49.942116,taker
P-ETH-3480-260324,67.00000000,80,2024-03-25 13:16:33.820928,maker
C-ETH-3420-260324,55.50000000,60,2024-03-25 13:20:43.448160,maker
C-ETH-3460-260324,41.00000000,2,2024-03-25 13:32:18.896385,maker
C-ETH-3420-260324,64.90000000,50,2024-03-25 13:33:22.305688,taker
C-ETH-3400-050424,205.20000000,3,2024-03-25 13:51:55.163608,taker
C-ETH-3420-260324,71.10000000,50,2024-03-25 13:53:49.624161,maker
C-ETH-3400-050424,215.50000000,3,2024-03-25 13:54:26.643010,taker
C-ETH-3420-260324,74.94000000,1,2024-03-25 13:55:55.185597,taker
C-ETH-3460-260324,58.10000000,50,2024-03-25 13:59:38.906646,maker
P-ETH-3400-050424,115.00000000,10,2024-03-25 14:02:03.356124,taker
P-ETH-3520-260324,61.40000000,50,2024-03-25 14:04:06.579806,maker
P-ETH-3520-260324,70.50000000,50,2024-03-25 14:05:25.654063,taker
C-ETH-3500-050424,175.90000000,74,2024-03-25 14:09:38.236275,maker
C-ETH-3460-260324,76.90000000,2,2024-03-25 14:10:52.075597,maker
P-ETH-3600-260324,94.80000000,1,2024-03-25 14:11:45.688260,maker
C-ETH-3600-260324,19.00000000,20,2024-03-25 14:14:13.241329,maker
C-ETH-3350-050424,282.90000000,10,2024-03-25 14:14:28.795955,taker
P-ETH-3540-260324,60.30000000,50,2024-03-25 14:15:08.382949,taker
C-ETH-3560-260324,34.00000000,10,2024-03-25 14:20:24.577264,taker
C-ETH-3560-260324,45.40000000,10,2024-03-25 14:23:34.508540,taker
C-ETH-3640-260324,17.50000000,4,2024-03-25 14:23:54.742247,taker
P-ETH-3440-260324,11.90000000,400,2024-03-25 14:24:01.310138,taker
C-ETH-3560-260324,43.30000000,8,2024-03-25 14:24:26.073069,maker
C-ETH-3440-260324,117.10000000,20,2024-03-25 14:25:46.885334,maker
P-ETH-3600-260324,76.00000000,20,2024-03-25 14:25:46.886142,maker
P-ETH-3500-290324,83.80000000,40,2024-03-25 14:25:47.483588,taker
C-ETH-3580-260324,38.30000000,1,2024-03-25 14:27:12.692053,taker
C-ETH-3560-260324,47.20000000,8,2024-03-25 14:27:12.935065,taker
P-ETH-3550-290324,99.50000000,40,2024-03-25 14:27:20.737274,maker
C-ETH-3560-260324,41.00000000,8,2024-03-25 14:28:26.543580,taker
P-ETH-3460-260324,18.50000000,250,2024-03-25 14:30:58.567087,maker
P-ETH-3560-260324,62.20000000,24,2024-03-25 14:31:31.001332,taker
C-ETH-3350-050424,295.80000000,10,2024-03-25 14:34:19.743969,maker
P-ETH-3400-260324,6.50000000,100,2024-03-25 14:41:21.595355,maker
C-ETH-3600-280324,63.50000000,100,2024-03-25 14:41:21.595779,maker
C-ETH-3560-260324,47.50000000,8,2024-03-25 14:50:16.093077,taker
P-ETH-3540-260324,37.40000000,50,2024-03-25 14:50:24.890259,maker
C-ETH-3560-260324,49.00000000,5,2024-03-25 14:51:28.426366,maker
C-ETH-3580-260324,39.00000000,8,2024-03-25 14:54:07.177823,taker
C-ETH-3520-260324,74.50000000,2,2024-03-25 14:55:44.466918,taker
C-ETH-3560-260324,53.00000000,5,2024-03-25 15:00:12.622445,taker
P-ETH-3560-260324,40.90000000,24,2024-03-25 15:00:15.892081,maker
C-ETH-3580-260324,48.60000000,8,2024-03-25 15:00:19.718749,taker
C-ETH-3620-260324,31.10000000,28,2024-03-25 15:01:52.666691,taker
C-ETH-3600-260324,39.00000000,20,2024-03-25 15:02:53.609257,taker
C-ETH-3520-260324,74.40000000,2,2024-03-25 15:05:52.905303,maker
C-ETH-3460-260324,117.30000000,2,2024-03-25 15:06:15.585202,maker
C-ETH-3620-260324,27.00000000,3,2024-03-25 15:08:51.892659,maker
C-ETH-3600-280324,74.50000000,1,2024-03-25 15:10:19.152726,taker
P-ETH-3600-260324,67.40000000,75,2024-03-25 15:11:57.278199,taker
C-ETH-3620-260324,29.50000000,3,2024-03-25 15:24:54.301688,maker
P-ETH-3400-260324,4.70000000,2,2024-03-25 15:26:34.351567,taker
P-ETH-3580-260324,51.00000000,2,2024-03-25 15:26:34.351919,maker
C-ETH-3580-260324,43.40000000,2,2024-03-25 15:26:34.352554,maker
C-ETH-3720-260324,7.60000000,2,2024-03-25 15:26:34.353076,taker
P-ETH-3600-260324,62.10000000,20,2024-03-25 15:28:33.883042,taker
P-ETH-3550-290324,91.90000000,40,2024-03-25 15:28:33.884177,taker
C-ETH-3400-290324,214.40000000,30,2024-03-25 15:30:05.782861,maker
C-ETH-3400-290324,220.00000000,30,2024-03-25 15:31:18.672406,taker
P-ETH-3600-290324,116.70000000,60,2024-03-25 15:32:24.631941,maker
P-ETH-3580-260324,49.70000000,100,2024-03-25 15:36:16.548904,taker
C-ETH-3720-260324,6.60000000,2,2024-03-25 15:39:51.683196,maker
C-ETH-3600-260324,37.20000000,50,2024-03-25 15:40:06.894822,maker
C-ETH-3580-260324,47.40000000,2,2024-03-25 15:40:08.650856,taker
P-ETH-3580-260324,48.10000000,2,2024-03-25 15:40:24.216880,taker
P-ETH-3400-260324,2.60000000,2,2024-03-25 15:40:46.051226,maker
P-ETH-3580-260324,46.10000000,30,2024-03-25 15:51:15.053227,taker
C-ETH-3600-280324,82.50000000,1,2024-03-25 15:54:03.096488,maker
C-ETH-3600-260324,40.00000000,7,2024-03-25 15:55:19.433698,taker
P-ETH-3600-260324,63.30000000,30,2024-03-25 16:10:08.420066,taker
C-ETH-3600-260324,40.69000000,50,2024-03-25 16:13:23.426768,maker
C-ETH-3580-260324,51.70000000,50,2024-03-25 16:20:11.482947,maker
C-ETH-3600-270324,68.60000000,1,2024-03-25 16:22:31.564128,taker
C-ETH-3500-260324,99.70000000,20,2024-03-25 16:26:47.003886,taker
C-ETH-3200-260324,375.70000000,45,2024-03-25 16:26:59.135899,maker
C-ETH-3580-260324,47.80000000,10,2024-03-25 16:27:02.602634,taker
C-ETH-3500-260324,95.50000000,20,2024-03-25 16:27:38.806207,taker
P-ETH-3560-260324,38.00000000,2,2024-03-25 16:27:49.626186,taker
P-ETH-3480-270324,29.00000000,1,2024-03-25 16:30:59.230802,taker
C-ETH-3580-260324,51.10000000,50,2024-03-25 16:35:31.090975,taker
C-ETH-3600-260324,48.70000000,7,2024-03-25 16:37:22.986927,taker
P-ETH-3600-260324,40.20000000,30,2024-03-25 16:38:38.858921,maker
P-ETH-3580-260324,30.80000000,100,2024-03-25 16:40:35.655701,maker
P-ETH-3580-260324,31.90000000,30,2024-03-25 16:40:51.152168,maker
C-ETH-3440-260324,175.70000000,20,2024-03-25 16:41:16.947076,taker
P-ETH-3600-290324,103.00000000,60,2024-03-25 16:41:24.004559,taker
P-ETH-3650-290324,133.70000000,40,2024-03-25 16:43:28.364694,maker
P-ETH-3600-260324,48.50000000,20,2024-03-25 16:43:38.628829,taker
C-ETH-3400-260424,467.80000000,10,2024-03-25 16:45:01.734841,taker
P-ETH-3640-260324,70.10000000,5,2024-03-25 16:47:23.332125,maker
C-ETH-3600-260324,49.90000000,1,2024-03-25 16:58:11.642707,taker
C-ETH-3620-260324,40.10000000,2,2024-03-25 16:59:32.978624,taker
C-ETH-3500-290324,171.10000000,15,2024-03-25 17:02:21.373535,maker
C-ETH-3680-260324,21.30000000,20,2024-03-25 17:03:53.161889,taker
P-ETH-3620-260324,43.70000000,2,2024-03-25 17:05:22.356232,taker
C-ETH-3600-260324,57.09000000,1,2024-03-25 17:05:22.521087,taker
P-ETH-3600-260324,34.90000000,20,2024-03-25 17:06:22.275719,taker
C-ETH-3620-260324,51.40000000,1,2024-03-25 17:07:08.539972,maker
C-ETH-3720-260324,16.00000000,13,2024-03-25 17:08:16.727728,maker
C-ETH-3640-260324,42.50000000,1,2024-03-25 17:08:30.565472,maker
C-ETH-3620-260324,51.10000000,2,2024-03-25 17:09:02.265248,maker
P-ETH-3440-260324,2.50000000,500,2024-03-25 17:10:44.062272,taker
P-ETH-3600-260324,29.50000000,2,2024-03-25 17:15:51.001115,maker
C-ETH-3620-260324,48.90000000,2,2024-03-25 17:21:46.381330,taker
P-ETH-3620-260324,40.90000000,2,2024-03-25 17:21:46.381854,maker
P-ETH-3460-260324,2.20000000,250,2024-03-25 17:27:35.335264,maker
P-ETH-3480-270324,15.50000000,1,2024-03-25 17:27:43.511231,maker
C-ETH-3620-260324,59.51000000,1,2024-03-25 17:28:08.459886,taker
C-ETH-3640-260324,49.92000000,1,2024-03-25 17:28:12.913612,taker
C-ETH-3600-270324,98.20000000,1,2024-03-25 17:28:51.950272,maker
C-ETH-3660-260324,40.10000000,2,2024-03-25 17:29:19.607030,maker
C-ETH-3660-260324,43.80000000,2,2024-03-25 17:33:05.696829,taker
P-ETH-3400-260324,1.50000000,100,2024-03-25 17:38:22.679073,taker
C-ETH-3600-280324,104.40000000,100,2024-03-25 17:38:22.757559,taker
P-ETH-3540-260324,16.30000000,150,2024-03-25 17:51:53.134734,maker
P-ETH-3650-290324,109.80000000,40,2024-03-25 18:02:52.332882,taker
P-ETH-3700-290324,138.80000000,30,2024-03-25 18:03:53.304949,maker
C-ETH-3620-260324,49.50000000,28,2024-03-25 18:05:25.672067,maker
C-ETH-3540-260324,111.50000000,20,2024-03-25 18:06:07.360376,taker
C-ETH-3500-260324,140.40000000,40,2024-03-25 18:06:23.459725,maker
P-ETH-3560-260324,14.50000000,2,2024-03-25 18:06:53.620899,maker
C-ETH-3540-260324,111.80000000,15,2024-03-25 18:06:53.904624,taker
P-ETH-3640-260324,44.40000000,5,2024-03-25 18:08:11.379099,maker
P-ETH-3620-260324,38.90000000,34,2024-03-25 18:09:00.266330,taker
C-ETH-3660-260324,31.40000000,1,2024-03-25 18:16:11.015223,taker
C-ETH-3640-260324,34.10000000,5,2024-03-25 18:33:45.648537,maker
C-ETH-3640-260324,36.60000000,5,2024-03-25 18:36:03.006464,taker
C-ETH-3720-260324,11.50000000,1,2024-03-25 18:45:26.727472,maker
P-ETH-3640-260324,47.00000000,100,2024-03-25 18:46:16.502313,maker
P-ETH-3640-260324,39.00000000,100,2024-03-25 18:53:26.073582,maker
C-ETH-3700-050424,155.60000000,100,2024-03-25 19:02:53.477832,taker
P-ETH-3600-260324,21.90000000,75,2024-03-25 19:07:32.339877,maker
C-ETH-3720-260324,8.00000000,13,2024-03-25 19:23:00.298256,taker
C-ETH-3550-050424,230.10000000,2,2024-03-25 19:26:56.330392,taker
P-ETH-3640-260324,44.30000000,150,2024-03-25 19:31:57.897914,taker
P-ETH-3640-260324,37.20000000,50,2024-03-25 19:55:18.136358,taker
P-ETH-3640-260324,38.00000000,39,2024-03-25 20:10:50.623781,maker
P-ETH-3640-260324,35.50000000,200,2024-03-25 20:24:30.441339,maker
P-ETH-3640-260324,36.00000000,39,2024-03-25 20:26:26.013883,maker
C-ETH-3720-260324,9.00000000,1,2024-03-25 20:29:51.946577,taker
C-ETH-3600-260324,56.80000000,100,2024-03-25 20:29:57.940128,taker
C-ETH-3760-260324,3.10000000,10,2024-03-25 20:54:25.807213,taker
C-ETH-3600-260324,47.90000000,100,2024-03-25 20:55:17.635793,maker
P-ETH-3540-260324,5.60000000,150,2024-03-25 20:56:10.961772,maker
C-ETH-3640-260324,27.00000000,82,2024-03-25 20:59:45.588037,maker
C-ETH-3620-260324,34.50000000,2,2024-03-25 21:01:27.053811,taker
C-ETH-3640-260324,25.90000000,82,2024-03-25 21:10:50.619655,taker
P-ETH-3540-260324,16.60000000,100,2024-03-25 21:27:26.662501,taker
P-ETH-3600-260324,28.80000000,40,2024-03-25 21:45:03.557634,maker
P-ETH-3440-260324,0.50000000,1,2024-03-25 21:48:51.192539,maker
C-ETH-3600-260324,32.10000000,35,2024-03-25 21:48:57.696549,taker
C-ETH-3600-260324,38.90000000,35,2024-03-25 22:16:20.038771,maker
P-ETH-3560-280324,61.70000000,100,2024-03-25 23:41:49.012511,maker
P-ETH-3580-260324,23.20000000,150,2024-03-26 00:17:06.456205,taker
P-ETH-3580-260324,19.00000000,25,2024-03-26 00:24:53.209348,maker
P-ETH-3560-280324,52.70000000,100,2024-03-26 00:45:12.946993,maker
P-ETH-3540-260324,5.00000000,100,2024-03-26 00:53:19.027769,taker
C-ETH-3600-260324,26.60000000,10,2024-03-26 00:56:04.740075,taker
P-ETH-3560-280324,48.30000000,200,2024-03-26 01:14:14.707475,maker
P-ETH-3580-260324,9.10000000,175,2024-03-26 01:18:05.830420,maker
P-ETH-3640-260324,37.00000000,40,2024-03-26 01:19:26.954595,maker
P-ETH-3640-260324,38.50000000,40,2024-03-26 01:24:19.206820,maker
C-ETH-3620-260324,22.00000000,60,2024-03-26 01:26:02.291954,maker
C-ETH-3600-260324,32.20000000,10,2024-03-26 01:38:09.572542,taker
P-ETH-3600-260324,19.40000000,2,2024-03-26 01:59:33.699355,taker
P-ETH-3600-260324,21.70000000,2,2024-03-26 02:01:49.037068,maker
C-ETH-3600-260324,32.20000000,2,2024-03-26 02:37:25.814322,taker
C-ETH-3600-260324,31.40000000,1,2024-03-26 02:38:12.391680,maker
C-ETH-3600-260324,30.00000000,10,2024-03-26 02:47:52.574820,maker
C-ETH-4000-050424,60.70000000,70,2024-03-26 02:50:11.718231,taker
C-ETH-3620-260324,25.30000000,10,2024-03-26 02:53:21.547737,taker
C-ETH-3600-260324,35.81000000,3,2024-03-26 02:53:56.713313,taker
P-ETH-3540-260324,3.00000000,5,2024-03-26 02:54:37.670209,taker
C-ETH-3580-260324,51.10000000,1,2024-03-26 02:58:34.034123,maker
C-ETH-3600-260324,37.60000000,1,2024-03-26 02:58:34.593256,taker
P-ETH-3620-260324,25.80000000,34,2024-03-26 03:01:27.447849,maker
C-ETH-4000-050424,59.00000000,70,2024-03-26 03:06:30.099813,maker
P-ETH-3100-050424,25.60000000,150,2024-03-26 03:07:36.393169,maker
C-ETH-3620-260324,28.30000000,10,2024-03-26 03:19:41.829604,maker
P-ETH-3100-050424,22.80000000,150,2024-03-26 03:24:37.276274,maker
C-ETH-3600-260324,44.37000000,1,2024-03-26 03:38:27.053434,taker
C-ETH-3580-260324,59.85000000,1,2024-03-26 03:39:02.484863,taker
C-ETH-3600-260324,45.50000000,10,2024-03-26 03:39:03.295454,maker
C-ETH-3600-260324,49.90000000,1,2024-03-26 03:41:42.030113,taker
C-ETH-3680-260324,9.10000000,20,2024-03-26 03:46:04.188403,maker
P-ETH-3580-260324,9.40000000,17,2024-03-26 04:00:43.880804,maker
C-ETH-3580-260324,58.30000000,1,2024-03-26 04:13:51.854164,taker
C-ETH-3580-260324,53.10000000,1,2024-03-26 04:15:19.068196,maker
P-ETH-3600-260324,12.10000000,11,2024-03-26 04:39:08.027196,taker
C-ETH-3700-260324,5.70000000,15,2024-03-26 04:52:57.529566,taker
C-ETH-3620-260324,28.90000000,60,2024-03-26 05:44:30.310992,maker
P-ETH-3600-270324,42.40000000,30,2024-03-26 06:27:15.239571,taker
C-ETH-3600-260324,37.20000000,1,2024-03-26 06:30:35.606911,maker
C-ETH-3600-260324,45.90000000,2,2024-03-26 06:36:08.429649,maker
P-ETH-3680-260324,51.70000000,2,2024-03-26 06:39:25.628554,taker
P-ETH-3540-260324,0.70000000,5,2024-03-26 06:57:57.879754,maker
P-ETH-3680-260324,38.50000000,2,2024-03-26 07:00:41.021657,maker
C-ETH-3600-260324,56.20000000,1,2024-03-26 07:01:35.149622,taker
C-ETH-3600-260324,58.60000000,1,2024-03-26 07:01:35.149672,taker
C-ETH-3620-260324,47.50000000,2,2024-03-26 07:04:42.538279,taker
P-ETH-3580-260324,2.20000000,40,2024-03-26 07:06:13.322251,maker
P-ETH-3580-260324,2.10000000,4,2024-03-26 07:07:13.288410,taker
C-ETH-3620-260324,41.50000000,2,2024-03-26 07:14:17.928442,maker
P-ETH-3580-260324,1.90000000,17,2024-03-26 07:19:43.682495,taker
C-ETH-3700-260324,7.90000000,15,2024-03-26 07:23:41.521561,maker
P-ETH-3560-260324,0.70000000,5,2024-03-26 07:27:26.653838,taker
C-ETH-3550-050424,250.00000000,2,2024-03-26 07:29:07.654979,taker
P-ETH-3440-260324,0.01000000,900,2024-03-26 07:29:33.185410,maker
C-ETH-3660-260324,27.10000000,1,2024-03-26 07:32:54.846565,maker
C-ETH-3580-260324,92.60000000,1,2024-03-26 07:35:10.448648,maker
P-ETH-3600-260324,2.50000000,11,2024-03-26 07:36:31.691901,taker
C-ETH-3660-260324,23.40000000,1,2024-03-26 07:40:10.346810,taker
C-ETH-3660-260324,19.10000000,1,2024-03-26 07:47:36.340510,maker
C-ETH-3660-260324,13.20000000,1,2024-03-26 07:54:10.122569,maker
P-ETH-3580-260324,2.73000000,44,2024-03-26 07:55:19.842834,taker
P-ETH-3200-290324,5.50000000,1,2024-03-26 07:58:35.912052,taker
P-ETH-3600-260324,6.60000000,2,2024-03-26 08:00:01.148682,taker
P-ETH-3150-290324,6.20000000,1,2024-03-26 08:13:33.989859,taker
P-ETH-3650-290324,95.00000000,100,2024-03-26 08:16:03.316745,maker
P-ETH-3640-260324,13.50000000,2,2024-03-26 08:23:31.570887,taker
C-ETH-3660-260324,12.60000000,1,2024-03-26 08:24:16.583671,maker
P-ETH-3640-260324,15.20000000,1.000000000000000000,2024-03-26 08:26:57.550899,taker
C-ETH-3640-270324,56.00000000,15,2024-03-26 08:28:04.220849,maker
P-ETH-3640-260324,9.90000000,2,2024-03-26 08:45:19.319541,taker
C-ETH-3640-270324,59.00000000,10,2024-03-26 08:47:07.874909,maker
P-ETH-3700-290324,124.50000000,30,2024-03-26 09:13:02.198549,taker
C-ETH-3540-260324,104.30000000,35,2024-03-26 09:13:11.559546,maker
P-ETH-3750-290324,152.90000000,30,2024-03-26 09:14:43.285283,maker
C-ETH-3640-270324,67.60000000,25,2024-03-26 09:17:27.274435,maker
C-ETH-6500-260424,12.20000000,100,2024-03-26 09:17:35.396429,taker
C-ETH-3400-260324,254.40000000,27,2024-03-26 09:38:28.226031,maker
P-ETH-3640-260324,7.60000000,2,2024-03-26 09:39:56.751190,taker
C-ETH-3400-260324,265.80000000,27,2024-03-26 09:43:34.283461,taker
P-ETH-3640-260324,5.10000000,20,2024-03-26 09:47:17.605067,maker
C-ETH-3580-260324,90.40000000,19,2024-03-26 09:56:01.078423,maker
C-ETH-3640-260324,26.80000000,25,2024-03-26 10:07:20.923595,taker
P-ETH-3000-290324,4.30000000,100,2024-03-26 10:11:29.062978,taker
P-ETH-3660-260324,10.80000000,46,2024-03-26 10:16:12.675199,maker
C-ETH-3620-260324,26.60000000,2,2024-03-26 10:35:17.533167,maker
C-ETH-3640-260324,13.00000000,25,2024-03-26 10:35:23.732125,maker
P-ETH-3640-260324,7.10000000,2,2024-03-26 10:39:56.055449,taker
P-ETH-3680-270324,70.00000000,20,2024-03-26 10:40:36.832955,taker
P-ETH-3660-260324,16.80000000,46,2024-03-26 10:40:50.438808,maker
P-ETH-3620-270324,38.60000000,1,2024-03-26 10:42:53.693520,taker
P-ETH-3620-270324,42.50000000,22,2024-03-26 11:13:12.502265,taker
C-ETH-3640-260324,6.30000000,10,2024-03-26 11:13:13.689604,taker
C-ETH-3640-270324,50.00000000,28,2024-03-26 11:13:52.482003,maker
P-ETH-3680-270324,76.00000000,20,2024-03-26 11:16:44.062749,maker
P-ETH-3640-260324,6.30000000,11,2024-03-26 11:18:11.568796,taker
P-ETH-3640-260324,5.80000000,35,2024-03-26 11:19:14.671836,maker
C-ETH-3620-270324,62.50000000,10,2024-03-26 11:21:56.142304,maker
P-ETH-3620-270324,40.20000000,10,2024-03-26 11:22:17.182331,maker
P-ETH-3640-260324,5.00000000,40,2024-03-26 11:22:23.817684,maker
C-ETH-3620-270324,65.30000000,10,2024-03-26 11:22:42.086142,taker
C-ETH-3620-270324,63.50000000,10,2024-03-26 11:23:14.775245,maker
P-ETH-3400-260324,0.30000000,1,2024-03-26 11:26:38.032281,taker
C-ETH-3400-260324,245.40000000,1,2024-03-26 11:26:38.037074,taker
P-ETH-3300-260324,0.01000000,1,2024-03-26 11:26:38.041150,maker
P-ETH-3640-260324,5.50000000,2,2024-03-26 11:26:50.544560,taker
P-ETH-3650-290324,96.00000000,100,2024-03-26 11:30:20.426212,maker
P-ETH-3640-260324,9.00000000,13,2024-03-26 11:32:06.039342,taker
P-ETH-3280-260324,0.30000000,10,2024-03-26 11:32:37.612545,taker
P-ETH-3280-260324,0.01000000,10,2024-03-26 11:35:35.757562,maker
P-ETH-3640-260324,9.00000000,20,2024-03-26 11:36:52.714887,maker
P-ETH-3620-270324,44.39000000,1,2024-03-26 11:36:59.169942,taker
P-ETH-3120-260324,0.01000000,994,2024-03-26 11:37:42.872396,maker
C-ETH-3760-260324,0.01000000,994,2024-03-26 11:37:42.873244,maker
C-ETH-3640-260324,0.60000000,400,2024-03-26 11:49:14.773417,maker
C-ETH-3640-260324,0.10000000,10,2024-03-26 11:52:06.752936,maker
C-ETH-3580-260324,53.10000000,19,2024-03-26 11:52:10.017074,maker
P-ETH-3640-260324,6.40000000,40,2024-03-26 11:53:02.789637,taker
P-ETH-3120-260324,0.01000000,3000,2024-03-26 11:58:32.798189,maker
P-ETH-3120-260324,0.01000000,400,2024-03-26 11:58:47.432581,maker
P-ETH-3120-260324,0.01000000,15,2024-03-26 11:59:08.340446,maker
C-ETH-3620-260324,13.83896552,2,2024-03-26 12:00:00.086360,taker
C-ETH-3580-260324,53.83896552,10,2024-03-26 12:00:05.050330,taker
P-ETH-3640-260324,6.16103448,1,2024-03-26 12:00:05.104648,taker
P-ETH-3740-270324,121.20000000,3082,2024-03-26 12:00:34.188134,maker
P-ETH-3740-270324,120.50000000,518,2024-03-26 12:00:34.260767,taker
C-ETH-3580-270324,77.70000000,2,2024-03-26 12:05:47.480241,maker
C-ETH-3840-270324,5.20000000,1,2024-03-26 12:25:35.814223,maker
C-ETH-3640-270324,53.90000000,28,2024-03-26 12:42:16.738576,maker
P-ETH-3000-290324,4.00000000,120,2024-03-26 12:45:13.260739,taker
C-ETH-3620-270324,64.20000000,10,2024-03-26 12:49:33.963158,taker
P-ETH-3620-270324,37.50000000,10,2024-03-26 12:49:33.963524,taker
C-ETH-6500-260424,8.10000000,100,2024-03-26 12:52:09.563794,maker
P-ETH-3000-290324,1.50000000,100,2024-03-26 12:52:15.562532,maker
C-ETH-3400-260424,485.00000000,30,2024-03-26 12:54:35.749714,taker
P-ETH-3750-290324,163.50000000,30,2024-03-26 12:54:35.779815,taker
C-ETH-3640-270324,47.10000000,1,2024-03-26 12:55:11.732164,maker
C-ETH-3600-290324,112.10000000,10,2024-03-26 12:57:03.685279,taker
C-ETH-3700-270324,25.30000000,2,2024-03-26 13:11:47.111472,maker
P-ETH-3600-290324,68.30000000,1,2024-03-26 13:12:56.435955,taker
P-ETH-3450-290324,24.80000000,1,2024-03-26 13:14:18.289206,taker
C-ETH-3700-270324,25.30000000,2,2024-03-26 13:22:10.723332,maker
C-ETH-3720-270324,16.50000000,580,2024-03-26 13:34:07.126102,taker
C-ETH-4200-260424,150.00000000,5,2024-03-26 13:36:23.928852,maker
P-ETH-3600-270324,43.40000000,2,2024-03-26 13:38:02.453595,taker
P-ETH-3600-270324,40.00000000,10,2024-03-26 13:45:09.721799,maker
P-ETH-3500-290324,40.00000000,5,2024-03-26 13:45:42.817538,maker
C-ETH-3650-290324,84.40000000,1,2024-03-26 13:47:15.082122,taker
C-ETH-3800-290324,39.80000000,1,2024-03-26 13:47:45.727743,taker
P-ETH-3000-290324,1.20000000,120,2024-03-26 13:55:59.118743,maker
P-ETH-3600-050424,149.60000000,10,2024-03-26 13:57:14.470843,maker
C-ETH-3600-050424,177.50000000,10,2024-03-26 13:57:14.471209,maker
P-ETH-3600-270324,50.00000000,2,2024-03-26 14:17:47.668003,taker
C-ETH-3640-270324,27.81000000,1,2024-03-26 14:29:41.610035,maker
C-ETH-3640-270324,27.81000000,1,2024-03-26 14:29:42.227032,maker
P-ETH-3540-270324,38.10000000,50,2024-03-26 14:34:08.540211,maker
P-ETH-3580-270324,61.00000000,1,2024-03-26 14:34:41.611650,taker
P-ETH-3540-270324,37.68000000,2,2024-03-26 14:41:37.136829,maker
C-ETH-3580-270324,41.30000000,1,2024-03-26 14:43:10.450892,maker
P-ETH-3400-270324,4.40000000,1,2024-03-26 14:44:04.969939,maker
C-ETH-3620-270324,29.00000000,300,2024-03-26 14:46:53.005673,taker
C-ETH-3620-270324,29.00000000,300,2024-03-26 14:46:53.005765,taker
P-ETH-3540-270324,27.70000000,50,2024-03-26 14:47:22.268135,maker
C-ETH-3620-270324,33.40000000,1,2024-03-26 14:49:08.675361,taker
C-ETH-3620-270324,35.00000000,100,2024-03-26 14:54:07.117574,taker
C-ETH-3600-050424,170.80000000,10,2024-03-26 15:01:05.188131,taker
C-ETH-3400-050424,279.90000000,10,2024-03-26 15:01:26.339506,maker
P-ETH-3540-270324,28.51000000,2,2024-03-26 15:04:37.787513,taker
P-ETH-3560-270324,38.80000000,10,2024-03-26 15:05:48.802616,taker
P-ETH-3200-050424,40.50000000,20,2024-03-26 15:17:42.351816,taker
C-ETH-4000-050424,48.20000000,15,2024-03-26 15:18:41.373807,taker
C-ETH-4000-050424,47.80000000,5,2024-03-26 15:19:19.252561,taker
C-ETH-3600-290324,80.00000000,65,2024-03-26 15:26:36.666062,taker
P-ETH-3580-270324,40.50000000,1,2024-03-26 15:30:01.172865,maker
P-ETH-3340-270324,1.10000000,2,2024-03-26 15:31:39.359553,taker
C-ETH-3680-270324,11.70000000,10,2024-03-26 15:34:43.272548,maker
C-ETH-3600-270324,41.60000000,1,2024-03-26 15:36:08.468264,taker
P-ETH-3340-270324,0.10000000,2,2024-03-26 15:36:37.380510,maker
P-ETH-3600-270324,41.60000000,10,2024-03-26 16:01:55.101066,maker
P-ETH-3580-270324,44.40000000,25,2024-03-26 16:14:56.765642,taker
C-ETH-3600-270324,30.30000000,1,2024-03-26 16:15:54.009647,maker
P-ETH-3540-270324,28.70000000,1,2024-03-26 16:17:59.552406,taker
C-ETH-3560-270324,46.80000000,2,2024-03-26 16:19:58.849831,maker
P-ETH-3740-270324,176.80000000,600,2024-03-26 16:30:19.847975,taker
C-ETH-3600-290324,76.40000000,65,2024-03-26 16:30:20.905854,taker
P-ETH-3740-270324,189.40000000,1000,2024-03-26 16:35:24.680835,taker
P-ETH-3740-270324,191.70000000,1000,2024-03-26 16:35:49.902417,taker
P-ETH-3540-270324,33.00000000,1,2024-03-26 16:36:08.300347,maker
P-ETH-3500-270324,20.80000000,36,2024-03-26 16:36:39.601442,maker
P-ETH-3600-270324,65.30000000,30,2024-03-26 16:38:39.764081,maker
P-ETH-3740-270324,187.10000000,250,2024-03-26 16:40:09.155553,taker
P-ETH-3560-270324,41.50000000,10,2024-03-26 16:40:24.571860,maker
P-ETH-3740-270324,187.20000000,188,2024-03-26 16:40:40.111825,taker
P-ETH-3740-270324,189.20000000,562,2024-03-26 16:41:07.501617,taker
C-ETH-3680-270324,7.70000000,10,2024-03-26 16:42:10.878145,taker
P-ETH-3580-270324,52.90000000,25,2024-03-26 16:46:17.938163,maker
C-ETH-3840-270324,0.01000000,1,2024-03-26 16:46:41.690052,maker
P-ETH-2900-050424,11.00000000,20,2024-03-26 16:59:40.698984,maker
C-ETH-3560-270324,47.50000000,1,2024-03-26 17:04:55.961979,taker
C-ETH-3580-270324,36.80000000,2,2024-03-26 17:06:01.524295,taker
C-ETH-3500-260424,379.90000000,20,2024-03-26 17:09:28.959083,taker
P-ETH-3500-280324,34.00000000,1,2024-03-26 17:20:50.862201,taker
P-ETH-3500-270324,14.70000000,7,2024-03-26 17:22:43.350128,taker
P-ETH-3500-280324,28.40000000,1,2024-03-26 17:35:35.411906,maker
C-ETH-4500-050424,10.90000000,80,2024-03-26 17:37:12.028319,maker
P-ETH-3500-270324,11.20000000,10,2024-03-26 17:48:19.536608,taker
P-ETH-3560-270324,26.90000000,10,2024-03-26 18:02:55.074618,maker
P-ETH-3500-270324,11.00000000,10,2024-03-26 18:02:55.075105,taker
P-ETH-3560-270324,28.70000000,10,2024-03-26 18:31:32.826033,taker
P-ETH-3500-270324,9.60000000,10,2024-03-26 18:31:32.976701,maker
P-ETH-3620-270324,57.90000000,100,2024-03-26 18:35:03.502760,maker
P-ETH-3500-270324,9.80000000,100,2024-03-26 18:59:53.275154,maker
C-ETH-3560-270324,43.50000000,2,2024-03-26 19:04:43.439028,maker
P-ETH-3500-270324,13.40000000,100,2024-03-26 19:06:25.048640,taker
P-ETH-3620-270324,68.50000000,100,2024-03-26 19:06:31.237309,maker
C-ETH-3520-270324,63.40000000,75,2024-03-26 19:09:02.522732,maker
C-ETH-3380-270324,195.00000000,3,2024-03-26 19:28:12.197561,maker
P-ETH-3620-270324,62.00000000,22,2024-03-26 20:26:31.267900,taker
P-ETH-3440-270324,2.50000000,30,2024-03-26 20:28:16.051795,taker
P-ETH-3520-270324,12.40000000,30,2024-03-26 20:28:16.052001,maker
C-ETH-3720-270324,2.30000000,30,2024-03-26 20:28:16.052329,taker
C-ETH-3620-270324,15.10000000,30,2024-03-26 20:28:16.052596,maker
