product_symbol,price,size,timestamp,buyer_role
C-ETH-3800-010624,6.10000000,5,2024-06-01 00:00:01.112190,taker
C-ETH-3860-010624,0.90000000,151,2024-06-01 00:00:46.615237,taker
C-ETH-3900-030624,13.10000000,1,2024-06-01 00:03:17.037576,taker
P-ETH-3640-030624,11.90000000,1,2024-06-01 00:03:17.040575,taker
P-ETH-3700-070624,77.90000000,100,2024-06-01 00:09:34.088000,maker
C-ETH-3820-010624,1.67000000,1,2024-06-01 00:30:04.942983,taker
C-ETH-3800-020624,12.50000000,50,2024-06-01 00:30:05.496025,taker
C-ETH-3900-010624,0.50000000,20,2024-06-01 00:32:21.056167,taker
P-ETH-3750-280624,241.00000000,100,2024-06-01 00:35:46.487744,taker
C-ETH-3780-020624,20.20000000,1,2024-06-01 00:38:58.516392,maker
P-ETH-3720-020624,8.90000000,8,2024-06-01 00:40:33.269262,maker
C-ETH-3840-020624,5.30000000,9,2024-06-01 00:41:37.519785,maker
P-ETH-3760-020624,22.80000000,1,2024-06-01 00:42:49.960562,maker
C-ETH-3860-010624,0.70000000,100,2024-06-01 00:46:36.538141,taker
P-ETH-3600-020624,0.70000000,4,2024-06-01 00:47:05.535686,taker
P-ETH-3640-030624,10.30000000,10,2024-06-01 00:49:27.130032,maker
C-ETH-3840-010624,0.50000000,100,2024-06-01 00:53:09.103791,maker
C-ETH-3800-010624,5.40000000,16,2024-06-01 00:56:18.636365,taker
P-ETH-3660-020624,2.20000000,11,2024-06-01 00:57:22.040019,taker
C-ETH-3920-020624,1.10000000,10,2024-06-01 00:57:26.012022,taker
P-ETH-3700-020624,5.00000000,1,2024-06-01 01:02:12.369615,maker
C-ETH-3760-010624,26.10000000,3,2024-06-01 01:04:55.628727,taker
C-ETH-3800-010624,7.50000000,16,2024-06-01 01:05:29.679618,maker
C-ETH-3780-010624,14.97000000,50,2024-06-01 01:05:49.723333,maker
C-ETH-3760-010624,21.70000000,3,2024-06-01 01:08:41.053953,maker
P-ETH-3800-020624,44.10000000,34,2024-06-01 01:09:59.372603,taker
P-ETH-3720-010624,2.90000000,26,2024-06-01 01:10:37.703876,taker
C-ETH-3860-010624,0.90000000,40,2024-06-01 01:10:43.692428,taker
P-ETH-3720-010624,3.20000000,1,2024-06-01 01:13:10.138283,taker
C-ETH-3900-010624,0.50000000,1,2024-06-01 01:13:11.326984,taker
C-ETH-5200-280624,22.00000000,1000,2024-06-01 01:13:27.825443,maker
C-ETH-4400-070624,7.50000000,73,2024-06-01 01:16:38.227708,maker
C-ETH-3760-010624,23.40000000,1,2024-06-01 01:17:11.580444,taker
C-ETH-3840-010624,1.50000000,896,2024-06-01 01:17:18.208541,taker
C-ETH-3840-020624,5.00000000,1,2024-06-01 01:21:58.789854,maker
C-ETH-3800-010624,4.90000000,70,2024-06-01 01:21:58.813778,maker
C-ETH-3800-010624,4.60000000,200,2024-06-01 01:25:34.748835,maker
C-ETH-3760-010624,20.80000000,3,2024-06-01 01:27:06.492212,taker
C-ETH-3840-010624,1.20000000,23,2024-06-01 01:31:20.624579,taker
P-ETH-3680-020624,2.40000000,139,2024-06-01 01:32:38.936490,maker
P-ETH-3760-010624,14.00000000,20,2024-06-01 01:34:01.999966,maker
P-ETH-4100-210624,428.80000000,2,2024-06-01 01:42:28.251494,taker
P-ETH-3800-210624,225.60000000,4,2024-06-01 01:42:56.893675,maker
C-ETH-4400-210624,58.60000000,2,2024-06-01 01:43:31.812942,maker
P-ETH-3780-020624,35.00000000,25,2024-06-01 01:45:07.004119,maker
C-ETH-3400-210624,470.40000000,2,2024-06-01 01:45:36.785469,maker
C-ETH-3800-210624,218.30000000,4,2024-06-01 01:46:41.972188,maker
P-ETH-3300-210624,50.20000000,2,2024-06-01 01:46:51.129186,maker
P-ETH-3740-010624,7.00000000,10,2024-06-01 01:51:04.320383,maker
C-ETH-3840-010624,1.00000000,50,2024-06-01 01:51:41.828772,taker
C-ETH-3760-010624,18.00000000,3,2024-06-01 01:51:49.635772,maker
P-ETH-3700-010624,0.80000000,3,2024-06-01 01:52:21.796442,maker
C-ETH-4040-010624,0.01000000,1,2024-06-01 01:53:11.156129,maker
C-ETH-4040-010624,0.30000000,1,2024-06-01 01:55:14.708685,taker
P-ETH-3660-010624,0.50000000,3,2024-06-01 01:57:27.281923,taker
C-ETH-3920-020624,1.10000000,50,2024-06-01 01:59:07.171830,taker
P-ETH-3350-070624,9.10000000,100,2024-06-01 01:59:53.788224,taker
C-ETH-3760-010624,22.50000000,3,2024-06-01 02:00:51.219786,taker
C-ETH-3900-020624,1.80000000,100,2024-06-01 02:01:26.657130,taker
C-ETH-3800-010624,6.40000000,50,2024-06-01 02:01:43.533109,maker
P-ETH-3820-010624,53.70000000,1,2024-06-01 02:01:54.035413,taker
P-ETH-3760-010624,10.80000000,10,2024-06-01 02:02:37.571311,maker
P-ETH-3700-010624,1.30000000,65,2024-06-01 02:02:44.736142,taker
P-ETH-3680-020624,2.80000000,50,2024-06-01 02:02:54.911298,taker
C-ETH-3760-010624,23.30000000,21,2024-06-01 02:05:48.887608,taker
P-ETH-3750-280624,227.90000000,100,2024-06-01 02:07:07.576038,maker
P-ETH-3740-020624,11.30000000,100,2024-06-01 02:07:43.604387,maker
C-ETH-3780-010624,13.70000000,7,2024-06-01 02:07:46.507700,taker
C-ETH-3840-010624,1.10000000,1000,2024-06-01 02:18:26.022458,taker
C-ETH-3840-030624,22.70000000,1000,2024-06-01 02:18:50.664972,maker
C-ETH-3840-010624,1.20000000,756,2024-06-01 02:21:37.136167,maker
C-ETH-3840-010624,0.50000000,140,2024-06-01 02:21:37.136330,maker
P-ETH-3600-010624,0.30000000,30,2024-06-01 02:24:59.855796,taker
C-ETH-3880-010624,0.50000000,30,2024-06-01 02:25:08.011483,taker
C-ETH-3840-010624,1.50000000,176,2024-06-01 02:32:05.228113,taker
P-ETH-3760-020624,18.00000000,36,2024-06-01 02:32:59.518465,maker
P-ETH-3700-010624,1.00000000,3,2024-06-01 02:41:46.424487,taker
C-ETH-3780-020624,22.30000000,200,2024-06-01 02:45:36.030290,maker
C-ETH-3680-010624,93.50000000,100,2024-06-01 02:45:36.032128,maker
P-ETH-3880-010624,102.80000000,100,2024-06-01 02:45:36.034970,maker
C-ETH-3860-010624,0.80000000,1,2024-06-01 02:46:25.644177,taker
C-ETH-3780-020624,23.50000000,100,2024-06-01 02:46:31.937618,taker
P-ETH-3780-030624,50.80000000,10,2024-06-01 02:47:50.412819,taker
C-ETH-4000-070624,42.80000000,132,2024-06-01 02:48:02.881389,taker
P-ETH-3780-020624,27.80000000,100,2024-06-01 02:48:02.892554,maker
P-ETH-3780-010624,17.90000000,2,2024-06-01 02:48:41.231781,maker
C-ETH-3760-020624,34.60000000,100,2024-06-01 02:48:41.336531,taker
C-ETH-3700-020624,83.00000000,2,2024-06-01 02:50:24.795129,taker
C-ETH-4500-260724,192.90000000,200,2024-06-01 02:54:29.127721,taker
P-ETH-3560-010624,0.01000000,1,2024-06-01 02:57:19.020362,maker
P-ETH-3620-010624,0.01000000,1,2024-06-01 02:58:29.851497,maker
C-ETH-5000-260724,105.20000000,200,2024-06-01 02:59:02.337487,maker
C-ETH-4000-070624,43.70000000,200,2024-06-01 02:59:15.448747,maker
C-ETH-3800-020624,17.30000000,100,2024-06-01 02:59:32.036801,taker
C-ETH-5200-280624,24.60000000,1,2024-06-01 03:00:13.836351,taker
P-ETH-3760-010624,9.00000000,139,2024-06-01 03:01:38.867914,taker
P-ETH-3760-010624,9.00000000,7,2024-06-01 03:01:45.464167,taker
P-ETH-3780-020624,23.60000000,25,2024-06-01 03:02:59.164927,maker
C-ETH-3800-020624,16.60000000,2,2024-06-01 03:05:12.272259,maker
P-ETH-3560-010624,0.28000000,1,2024-06-01 03:05:57.735680,taker
C-ETH-3740-010624,43.40000000,1,2024-06-01 03:06:32.699389,maker
P-ETH-3760-020624,13.80000000,36,2024-06-01 03:06:35.343903,maker
C-ETH-3760-010624,30.40000000,1,2024-06-01 03:08:10.436426,taker
C-ETH-5200-280624,24.50000000,51,2024-06-01 03:10:07.627819,taker
C-ETH-3820-010624,3.40000000,80,2024-06-01 03:10:34.332194,taker
P-ETH-3760-010624,7.80000000,2,2024-06-01 03:11:08.704629,taker
P-ETH-3680-020624,1.54000000,139,2024-06-01 03:11:10.490867,maker
P-ETH-3780-010624,14.10000000,35,2024-06-01 03:11:20.776366,maker
P-ETH-3780-010624,15.70000000,2,2024-06-01 03:11:38.435714,taker
P-ETH-3700-010624,0.70000000,50,2024-06-01 03:12:01.272961,taker
C-ETH-3780-010624,16.00000000,3,2024-06-01 03:12:05.419935,taker
P-ETH-3820-020624,47.80000000,131,2024-06-01 03:12:33.635998,maker
C-ETH-3780-010624,14.30000000,50,2024-06-01 03:12:54.073010,maker
C-ETH-3800-010624,7.60000000,50,2024-06-01 03:13:21.640676,taker
C-ETH-5200-280624,21.50000000,51,2024-06-01 03:14:01.128070,maker
P-ETH-3800-010624,27.20000000,3,2024-06-01 03:14:48.076483,maker
C-ETH-3780-010624,15.00000000,25,2024-06-01 03:15:06.474346,taker
C-ETH-3780-010624,14.00000000,100,2024-06-01 03:17:13.012224,maker
P-ETH-3720-010624,1.70000000,26,2024-06-01 03:17:23.375800,taker
P-ETH-3760-010624,9.00000000,119,2024-06-01 03:17:43.909957,maker
P-ETH-3720-010624,1.70000000,1,2024-06-01 03:17:50.604213,taker
C-ETH-3780-010624,14.10000000,10,2024-06-01 03:21:41.489151,taker
P-ETH-3800-010624,30.30000000,3,2024-06-01 03:22:07.067676,taker
C-ETH-3760-010624,25.90000000,99,2024-06-01 03:24:14.111814,taker
C-ETH-5200-280624,21.40000000,4,2024-06-01 03:25:56.777290,maker
P-ETH-3880-030624,111.80000000,3,2024-06-01 03:30:38.039522,maker
P-ETH-3700-010624,0.80000000,100,2024-06-01 03:31:27.361475,taker
P-ETH-3780-020624,26.30000000,1,2024-06-01 03:31:27.935838,taker
P-ETH-3780-010624,17.80000000,549,2024-06-01 03:31:54.124147,taker
C-ETH-3780-010624,14.00000000,25,2024-06-01 03:32:27.776198,taker
P-ETH-3780-020624,24.60000000,1,2024-06-01 03:32:29.764007,maker
P-ETH-3600-030624,4.40000000,200,2024-06-01 03:32:57.117119,taker
P-ETH-3660-030624,8.50000000,200,2024-06-01 03:33:22.905718,maker
C-ETH-4000-030624,3.10000000,200,2024-06-01 03:34:07.262091,taker
C-ETH-3920-030624,7.70000000,200,2024-06-01 03:34:32.621065,maker
C-ETH-3950-070624,54.20000000,10,2024-06-01 03:38:00.905967,taker
C-ETH-4200-070624,19.50000000,10,2024-06-01 03:38:21.044726,taker
C-ETH-3960-010624,0.30000000,200,2024-06-01 03:38:42.767039,taker
C-ETH-3920-010624,0.30000000,100,2024-06-01 03:39:16.158169,taker
P-ETH-3560-010624,0.28000000,200,2024-06-01 03:39:45.983273,taker
P-ETH-3620-010624,0.30000000,1,2024-06-01 03:40:17.969721,taker
P-ETH-3620-010624,0.30000000,199,2024-06-01 03:40:17.969808,taker
P-ETH-3780-020624,23.30000000,1,2024-06-01 03:41:58.296594,taker
P-ETH-3760-010624,7.10000000,12,2024-06-01 03:45:35.368594,taker
C-ETH-3780-020624,26.70000000,100,2024-06-01 03:45:51.096689,taker
P-ETH-3800-010624,26.70000000,8,2024-06-01 03:50:05.951682,maker
C-ETH-3900-010624,0.40000000,1000,2024-06-01 03:53:18.607144,taker
P-ETH-3780-030624,44.00000000,35,2024-06-01 03:54:11.807638,taker
C-ETH-3840-010624,0.50000000,10,2024-06-01 03:54:41.659978,maker
C-ETH-3780-010624,14.75000000,19,2024-06-01 03:54:46.573915,maker
C-ETH-3780-010624,14.75000000,107,2024-06-01 03:55:34.993992,maker
P-ETH-3820-020624,49.00000000,31,2024-06-01 03:56:07.509412,taker
P-ETH-3740-020624,8.60000000,100,2024-06-01 03:59:19.387456,taker
C-ETH-3780-010624,14.28000000,126,2024-06-01 04:00:08.860322,taker
C-ETH-3820-030624,32.20000000,13,2024-06-01 04:01:41.063865,taker
C-ETH-3840-010624,1.10000000,1,2024-06-01 04:02:20.357401,taker
C-ETH-4040-010624,0.09000000,502,2024-06-01 04:03:14.848274,taker
P-ETH-4040-010624,267.60000000,5,2024-06-01 04:04:35.931501,taker
C-ETH-3780-010624,13.00000000,7,2024-06-01 04:05:11.273994,maker
P-ETH-3800-020624,38.80000000,750,2024-06-01 04:05:33.541095,taker
P-ETH-3800-010624,32.70000000,8,2024-06-01 04:06:19.047553,taker
P-ETH-3780-010624,18.50000000,1,2024-06-01 04:07:37.583696,taker
P-ETH-3000-280624,27.00000000,1550,2024-06-01 04:08:09.586568,taker
P-ETH-3000-280624,27.00000000,1550,2024-06-01 04:08:09.831829,taker
C-ETH-3780-010624,12.20000000,64,2024-06-01 04:08:53.880371,taker
C-ETH-3820-010624,2.30000000,41,2024-06-01 04:11:00.931578,taker
P-ETH-3760-010624,9.10000000,1500,2024-06-01 04:11:10.412464,taker
C-ETH-3780-010624,12.70000000,1749,2024-06-01 04:11:33.139430,taker
C-ETH-3780-010624,15.10000000,351,2024-06-01 04:11:33.140606,taker
C-ETH-3820-010624,1.30000000,41,2024-06-01 04:12:11.058231,maker
C-ETH-3780-010624,10.40000000,10,2024-06-01 04:17:45.891709,maker
C-ETH-3760-010624,20.80000000,21,2024-06-01 04:18:02.752355,maker
P-ETH-3700-030624,16.30000000,7,2024-06-01 04:18:51.065487,taker
C-ETH-3760-010624,20.50000000,75,2024-06-01 04:19:42.709579,taker
C-ETH-3780-010624,10.10000000,150,2024-06-01 04:19:48.900622,maker
C-ETH-3800-030624,34.90000000,5,2024-06-01 04:20:34.983918,maker
P-ETH-3740-030624,28.50000000,5,2024-06-01 04:20:58.401660,maker
P-ETH-3740-010624,4.00000000,10,2024-06-01 04:21:19.215516,taker
P-ETH-3780-010624,19.10000000,1100,2024-06-01 04:21:21.503416,taker
C-ETH-5200-260724,89.41000000,4,2024-06-01 04:21:44.740546,maker
C-ETH-3760-020624,30.80000000,34,2024-06-01 04:23:31.199741,maker
P-ETH-3740-010624,3.80000000,8,2024-06-01 04:26:38.375679,taker
P-ETH-3820-010624,44.10000000,40,2024-06-01 04:32:38.407461,maker
C-ETH-3840-010624,0.20000000,500,2024-06-01 04:33:05.400449,maker
C-ETH-3760-010624,26.60000000,75,2024-06-01 04:33:17.026551,taker
C-ETH-3780-010624,14.60000000,150,2024-06-01 04:33:35.679830,taker
P-ETH-3700-010624,0.60000000,1731,2024-06-01 04:34:11.444352,taker
P-ETH-3700-010624,0.60000000,269,2024-06-01 04:34:11.500264,maker
P-ETH-3780-010624,14.30000000,10,2024-06-01 04:34:20.793010,maker
P-ETH-3700-010624,1.30000000,1,2024-06-01 04:34:37.683813,taker
C-ETH-3920-020624,0.90000000,500,2024-06-01 04:34:58.518181,taker
C-ETH-3780-010624,13.20000000,10,2024-06-01 04:35:02.525097,maker
P-ETH-3740-030624,26.50000000,100,2024-06-01 04:35:15.323992,maker
C-ETH-3860-030624,18.10000000,75,2024-06-01 04:36:15.846779,taker
C-ETH-4040-010624,0.09000000,372,2024-06-01 04:40:36.711742,taker
C-ETH-3780-010624,15.00000000,19,2024-06-01 04:40:53.028689,maker
C-ETH-3900-010624,0.40000000,18,2024-06-01 04:45:36.678954,taker
P-ETH-3600-010624,0.30000000,19,2024-06-01 04:45:36.681911,taker
P-ETH-3740-010624,1.40000000,8,2024-06-01 04:46:12.980923,maker
P-ETH-3780-010624,12.50000000,20,2024-06-01 04:47:34.680595,taker
C-ETH-3760-010624,26.00000000,18,2024-06-01 04:47:43.383099,taker
P-ETH-3800-020624,34.70000000,250,2024-06-01 04:48:57.363678,taker
C-ETH-3780-020624,25.00000000,50,2024-06-01 04:49:37.236012,taker
P-ETH-3800-010624,25.00000000,100,2024-06-01 04:49:37.255271,maker
P-ETH-3800-010624,25.00000000,100,2024-06-01 04:49:37.255342,maker
P-ETH-3760-010624,6.10000000,15,2024-06-01 04:49:39.668467,taker
C-ETH-3780-010624,15.00000000,50,2024-06-01 04:49:47.110674,taker
C-ETH-3800-010624,8.10000000,20,2024-06-01 04:50:06.320619,taker
C-ETH-3740-010624,46.70000000,1,2024-06-01 04:50:09.937163,taker
C-ETH-3780-010624,15.00000000,50,2024-06-01 04:50:20.257029,taker
C-ETH-3820-010624,3.30000000,6,2024-06-01 04:50:59.716242,taker
C-ETH-3780-010624,15.60000000,100,2024-06-01 04:51:35.023387,maker
P-ETH-3600-030624,2.80000000,1000,2024-06-01 04:51:52.471461,maker
P-ETH-3800-010624,22.00000000,30,2024-06-01 04:52:16.237594,maker
P-ETH-3800-010624,22.00000000,70,2024-06-01 04:53:26.619976,taker
C-ETH-3900-010624,0.02000000,30,2024-06-01 04:54:44.133192,maker
C-ETH-3700-010624,83.10000000,17,2024-06-01 04:56:12.523840,maker
C-ETH-3780-010624,17.30000000,22,2024-06-01 04:57:17.843818,taker
P-ETH-3840-010624,54.50000000,18,2024-06-01 04:57:39.367990,maker
C-ETH-5200-280624,21.30000000,1,2024-06-01 04:58:59.032174,maker
P-ETH-3600-020624,0.50000000,600,2024-06-01 04:59:34.059091,taker
C-ETH-3920-020624,0.80000000,600,2024-06-01 04:59:45.860533,taker
P-ETH-3760-010624,5.40000000,1,2024-06-01 05:00:48.600101,taker
P-ETH-3740-010624,2.00000000,1,2024-06-01 05:01:01.660715,taker
P-ETH-3780-010624,10.00000000,1,2024-06-01 05:01:30.459325,maker
P-ETH-3760-010624,5.80000000,4,2024-06-01 05:02:28.288063,taker
P-ETH-3780-010624,11.30000000,1,2024-06-01 05:03:29.812475,maker
P-ETH-3640-030624,5.00000000,9,2024-06-01 05:03:55.944092,maker
P-ETH-3640-030624,5.00000000,491,2024-06-01 05:03:55.944143,maker
C-ETH-5200-260724,85.00000000,170,2024-06-01 05:08:17.999903,maker
P-ETH-3820-010624,39.00000000,50,2024-06-01 05:14:09.023845,maker
P-ETH-3780-020624,20.00000000,100,2024-06-01 05:15:10.242231,maker
C-ETH-4300-070624,11.00000000,200,2024-06-01 05:15:10.298426,taker
C-ETH-3780-010624,16.00000000,50,2024-06-01 05:15:21.227574,maker
C-ETH-4000-020624,0.50000000,76,2024-06-01 05:15:30.223761,taker
P-ETH-3800-030624,53.50000000,15,2024-06-01 05:18:10.583618,taker
C-ETH-4000-070624,44.10000000,20,2024-06-01 05:18:24.475964,maker
C-ETH-3700-010624,83.50000000,18,2024-06-01 05:19:35.988936,taker
C-ETH-5200-260724,85.00000000,13,2024-06-01 05:21:17.219354,maker
C-ETH-3780-010624,14.40000000,400,2024-06-01 05:21:55.739170,maker
P-ETH-3840-010624,54.90000000,21,2024-06-01 05:22:26.503736,maker
C-ETH-4400-140624,34.10000000,100,2024-06-01 05:23:15.914117,taker
P-ETH-3000-280624,27.00000000,300,2024-06-01 05:23:20.770130,taker
P-ETH-3600-020624,0.50000000,4,2024-06-01 05:24:39.948165,taker
P-ETH-3650-070624,50.80000000,20,2024-06-01 05:26:41.424271,taker
P-ETH-3650-070624,50.80000000,20,2024-06-01 05:27:05.464371,taker
P-ETH-3600-010624,0.30000000,14,2024-06-01 05:27:08.120850,taker
C-ETH-3840-010624,1.00000000,549,2024-06-01 05:27:21.952421,maker
P-ETH-3600-010624,0.01000000,14,2024-06-01 05:29:03.468180,maker
C-ETH-3820-010624,2.45000000,100,2024-06-01 05:29:16.853186,maker
C-ETH-3760-010624,27.80000000,3,2024-06-01 05:29:23.680053,maker
P-ETH-3800-010624,25.40000000,18,2024-06-01 05:30:02.765503,taker
P-ETH-3500-070624,19.90000000,2,2024-06-01 05:32:31.513280,maker
C-ETH-3840-010624,0.90000000,503,2024-06-01 05:32:32.899180,taker
P-ETH-3720-010624,0.80000000,28,2024-06-01 05:33:22.300740,taker
C-ETH-3840-010624,1.00000000,1,2024-06-01 05:33:56.923713,taker
C-ETH-3840-010624,1.00000000,29,2024-06-01 05:34:06.659485,taker
C-ETH-3760-010624,29.30000000,262,2024-06-01 05:35:18.340308,taker
P-ETH-3780-020624,18.40000000,170,2024-06-01 05:36:30.366577,maker
P-ETH-3800-010624,20.70000000,7,2024-06-01 05:37:10.872099,maker
C-ETH-4040-030624,2.30000000,447,2024-06-01 05:40:33.288600,taker
P-ETH-3820-020624,42.50000000,131,2024-06-01 05:40:35.270541,maker
C-ETH-3780-010624,19.20000000,10,2024-06-01 05:40:41.335559,taker
P-ETH-3700-070624,68.70000000,16,2024-06-01 05:41:13.508060,taker
C-ETH-3780-020624,28.00000000,50,2024-06-01 05:41:16.754421,taker
C-ETH-3920-030624,9.00000000,200,2024-06-01 05:41:39.843109,taker
C-ETH-3760-010624,32.00000000,130,2024-06-01 05:41:39.858253,taker
C-ETH-3800-010624,9.90000000,12,2024-06-01 05:42:29.316334,taker
P-ETH-3780-010624,9.30000000,1,2024-06-01 05:42:56.843939,taker
C-ETH-4040-010624,0.09000000,337,2024-06-01 05:43:46.036366,taker
P-ETH-3800-030624,49.00000000,15,2024-06-01 05:43:58.697528,maker
P-ETH-3840-010624,50.70000000,21,2024-06-01 05:44:19.710223,taker
P-ETH-3800-010624,18.80000000,100,2024-06-01 05:44:47.954864,taker
C-ETH-3600-010624,190.00000000,500,2024-06-01 05:45:33.387827,taker
C-ETH-3760-010624,34.50000000,112,2024-06-01 05:45:33.426549,taker
C-ETH-3780-010624,20.00000000,42,2024-06-01 05:45:47.205000,taker
C-ETH-3780-010624,22.50000000,20,2024-06-01 05:46:07.965055,maker
P-ETH-3760-020624,8.40000000,5,2024-06-01 05:46:30.612268,maker
P-ETH-3780-010624,6.40000000,369,2024-06-01 05:46:38.175726,maker
P-ETH-3780-010624,8.10000000,369,2024-06-01 05:47:48.731586,taker
C-ETH-3780-020624,29.60000000,100,2024-06-01 05:48:08.942017,maker
C-ETH-3760-010624,36.00000000,18,2024-06-01 05:48:26.881085,maker
C-ETH-3780-010624,18.00000000,1,2024-06-01 05:49:25.955871,maker
C-ETH-3780-010624,18.00000000,9,2024-06-01 05:49:25.955945,maker
P-ETH-3800-010624,18.80000000,13,2024-06-01 05:49:46.540177,taker
C-ETH-3860-010624,0.70000000,5,2024-06-01 05:51:01.912114,taker
P-ETH-3740-010624,1.30000000,2,2024-06-01 05:51:47.904635,taker
C-ETH-3780-010624,16.30000000,20,2024-06-01 05:53:27.300766,maker
C-ETH-3820-010624,3.70000000,2,2024-06-01 05:55:28.775830,taker
C-ETH-3760-010624,31.30000000,262,2024-06-01 05:56:15.468601,maker
C-ETH-3720-020624,71.90000000,140,2024-06-01 06:01:05.423825,maker
P-ETH-3700-010624,0.01000000,2000,2024-06-01 06:01:17.453763,maker
C-ETH-3920-020624,0.90000000,200,2024-06-01 06:01:44.021288,taker
P-ETH-3820-010624,33.60000000,1,2024-06-01 06:03:22.200453,maker
C-ETH-3800-010624,8.00000000,5,2024-06-01 06:03:33.937062,taker
P-ETH-3900-010624,115.20000000,35,2024-06-01 06:04:39.585582,maker
C-ETH-3860-030624,18.60000000,30,2024-06-01 06:04:58.075760,maker
P-ETH-3720-030624,16.50000000,30,2024-06-01 06:05:47.100212,maker
P-ETH-3740-030624,24.70000000,100,2024-06-01 06:08:23.675482,taker
P-ETH-3800-010624,19.80000000,13,2024-06-01 06:08:32.975648,maker
C-ETH-3800-010624,6.00000000,80,2024-06-01 06:10:40.164317,maker
P-ETH-3680-020624,1.00000000,1000,2024-06-01 06:12:52.124682,taker
P-ETH-3560-010624,0.28000000,300,2024-06-01 06:14:36.627239,taker
P-ETH-3560-010624,0.30000000,1727,2024-06-01 06:14:36.627518,taker
P-ETH-3560-010624,0.31000000,1973,2024-06-01 06:14:36.628691,taker
C-ETH-3760-010624,32.00000000,74,2024-06-01 06:19:34.251251,maker
P-ETH-3760-020624,10.80000000,2,2024-06-01 06:19:47.683765,taker
C-ETH-3800-010624,6.00000000,1,2024-06-01 06:20:05.716327,maker
P-ETH-3700-020624,1.80000000,5,2024-06-01 06:20:15.148393,taker
C-ETH-4700-070624,2.10000000,150,2024-06-01 06:22:18.911685,maker
P-ETH-3800-010624,20.10000000,1,2024-06-01 06:22:29.690474,taker
C-ETH-3780-010624,16.50000000,1723,2024-06-01 06:25:12.995978,maker
P-ETH-3760-010624,2.10000000,146,2024-06-01 06:25:49.863781,maker
C-ETH-3760-010624,31.60000000,5,2024-06-01 06:26:48.251822,taker
C-ETH-3780-010624,17.60000000,648,2024-06-01 06:27:31.111567,taker
C-ETH-5200-280624,21.10000000,1000,2024-06-01 06:29:43.317265,maker
P-ETH-3550-070624,26.40000000,10,2024-06-01 06:30:45.385823,maker
C-ETH-4100-070624,27.90000000,10,2024-06-01 06:32:40.284790,maker
C-ETH-3800-010624,7.00000000,97,2024-06-01 06:32:41.869356,maker
C-ETH-3780-010624,20.00000000,363,2024-06-01 06:32:49.115851,taker
C-ETH-3760-010624,34.00000000,4,2024-06-01 06:33:05.322378,maker
P-ETH-3760-010624,3.20000000,330,2024-06-01 06:34:33.771479,taker
P-ETH-3560-010624,0.01000000,200,2024-06-01 06:34:54.984484,maker
P-ETH-3780-010624,8.90000000,703,2024-06-01 06:35:15.471464,taker
C-ETH-3760-010624,30.80000000,112,2024-06-01 06:35:31.109209,maker
C-ETH-3780-010624,16.50000000,1,2024-06-01 06:35:33.163258,maker
C-ETH-5200-280624,23.70000000,21,2024-06-01 06:35:43.851850,taker
P-ETH-3800-010624,22.30000000,7,2024-06-01 06:37:30.020440,taker
C-ETH-3800-010624,4.30000000,1,2024-06-01 06:39:56.871875,maker
C-ETH-3780-010624,13.00000000,20,2024-06-01 06:41:24.540706,maker
P-ETH-3800-010624,20.50000000,6,2024-06-01 06:42:54.883980,taker
C-ETH-4000-070624,43.20000000,10,2024-06-01 06:42:58.112157,maker
C-ETH-3740-010624,46.00000000,116,2024-06-01 06:43:35.927625,taker
C-ETH-3800-010624,5.90000000,119,2024-06-01 06:46:37.442045,maker
C-ETH-3780-010624,13.00000000,30,2024-06-01 06:46:47.264558,maker
C-ETH-3800-030624,38.00000000,100,2024-06-01 06:47:23.714032,taker
C-ETH-4800-260724,130.50000000,10,2024-06-01 06:49:03.792475,taker
C-ETH-3900-010624,0.30000000,115,2024-06-01 06:49:09.971871,taker
C-ETH-3780-010624,14.50000000,5,2024-06-01 06:50:03.312670,taker
C-ETH-4800-280624,46.00000000,10,2024-06-01 06:51:20.301880,maker
P-ETH-3200-140624,15.00000000,100,2024-06-01 06:52:11.103161,maker
P-ETH-3600-010624,0.01000000,14,2024-06-01 06:54:49.731420,maker
P-ETH-3600-070624,35.50000000,10,2024-06-01 06:55:05.388191,maker
P-ETH-3500-070624,20.80000000,10,2024-06-01 06:56:12.807663,taker
C-ETH-3780-020624,27.00000000,7,2024-06-01 06:57:54.381516,taker
P-ETH-3100-260724,89.60000000,100,2024-06-01 06:58:16.092685,maker
P-ETH-3840-030624,70.80000000,3,2024-06-01 06:58:53.772497,maker
C-ETH-5100-260724,95.30000000,100,2024-06-01 06:59:38.113225,maker
P-ETH-3780-010624,7.80000000,75,2024-06-01 07:00:11.863854,taker
C-ETH-3780-010624,18.70000000,20,2024-06-01 07:02:12.984196,taker
C-ETH-3800-010624,8.10000000,1,2024-06-01 07:02:13.372126,taker
C-ETH-3760-010624,32.00000000,45,2024-06-01 07:03:07.655206,maker
C-ETH-3800-010624,5.40000000,10,2024-06-01 07:03:16.719981,maker
P-ETH-3800-010624,17.10000000,10,2024-06-01 07:03:47.680205,maker
C-ETH-3760-010624,28.90000000,3,2024-06-01 07:03:55.533964,maker
C-ETH-5000-280624,29.50000000,2,2024-06-01 07:04:26.071587,taker
P-ETH-3780-020624,17.00000000,170,2024-06-01 07:04:39.623509,maker
P-ETH-3800-010624,16.00000000,100,2024-06-01 07:05:06.229523,maker
C-ETH-3800-010624,7.70000000,2,2024-06-01 07:05:56.180043,taker
C-ETH-4000-070624,45.90000000,10,2024-06-01 07:11:32.579973,taker
C-ETH-3750-070624,132.50000000,1,2024-06-01 07:11:39.755885,maker
C-ETH-3780-010624,16.10000000,17,2024-06-01 07:12:10.615693,maker
P-ETH-2300-280624,2.80000000,1000,2024-06-01 07:12:26.290753,maker
P-ETH-2400-280624,3.90000000,1000,2024-06-01 07:12:50.738429,maker
C-ETH-4040-030624,1.10000000,5,2024-06-01 07:13:34.423850,maker
P-ETH-3800-010624,19.40000000,4,2024-06-01 07:14:46.055931,taker
C-ETH-3780-010624,14.20000000,363,2024-06-01 07:14:53.439646,maker
P-ETH-3780-010624,7.50000000,10,2024-06-01 07:18:23.095642,maker
C-ETH-4000-020624,0.40000000,4,2024-06-01 07:18:25.095853,taker
C-ETH-3780-010624,13.00000000,1724,2024-06-01 07:18:37.684105,maker
P-ETH-3800-010624,21.00000000,60,2024-06-01 07:19:34.651851,taker
P-ETH-3600-030624,2.10000000,4,2024-06-01 07:20:00.144003,maker
C-ETH-3780-010624,12.30000000,1,2024-06-01 07:20:01.888743,taker
C-ETH-3820-010624,0.80000000,6,2024-06-01 07:21:45.280885,maker
P-ETH-3780-010624,8.70000000,711,2024-06-01 07:22:36.619714,taker
P-ETH-3780-010624,8.80000000,258,2024-06-01 07:22:39.800558,taker
P-ETH-3780-010624,8.80000000,13,2024-06-01 07:22:43.264259,taker
C-ETH-3700-260724,469.40000000,17,2024-06-01 07:24:01.256605,taker
P-ETH-3740-010624,1.00000000,100,2024-06-01 07:25:56.506379,taker
P-ETH-3840-010624,55.00000000,10,2024-06-01 07:25:56.911037,taker
P-ETH-3700-010624,0.30000000,1726,2024-06-01 07:26:17.711792,taker
P-ETH-3700-010624,0.40000000,1605,2024-06-01 07:26:17.711901,taker
P-ETH-3700-010624,0.40000000,1605,2024-06-01 07:26:17.989143,maker
P-ETH-3700-010624,0.40000000,1605,2024-06-01 07:26:18.187056,maker
P-ETH-3700-010624,0.40000000,1605,2024-06-01 07:26:18.548175,maker
P-ETH-3700-010624,0.40000000,1605,2024-06-01 07:26:18.807695,maker
C-ETH-3720-010624,63.00000000,30,2024-06-01 07:26:23.119597,maker
C-ETH-3820-010624,1.50000000,1,2024-06-01 07:27:54.433039,taker
P-ETH-3720-010624,0.50000000,1599,2024-06-01 07:29:09.387879,taker
P-ETH-3720-010624,0.50000000,1599,2024-06-01 07:29:09.581121,maker
P-ETH-3720-010624,0.50000000,1599,2024-06-01 07:29:09.937745,maker
P-ETH-3720-010624,0.50000000,1599,2024-06-01 07:29:10.197681,maker
P-ETH-3720-010624,0.50000000,1600,2024-06-01 07:29:10.480752,maker
P-ETH-3780-010624,10.10000000,1,2024-06-01 07:31:28.823824,taker
C-ETH-3780-010624,11.10000000,50,2024-06-01 07:31:31.544411,maker
P-ETH-3780-020624,20.20000000,259,2024-06-01 07:31:31.756684,taker
P-ETH-3780-010624,10.40000000,10,2024-06-01 07:31:32.332108,taker
C-ETH-3760-010624,23.60000000,5,2024-06-01 07:33:23.224125,maker
P-ETH-3840-030624,81.70000000,3,2024-06-01 07:33:48.316036,taker
P-ETH-3800-010624,21.90000000,60,2024-06-01 07:33:48.474342,maker
C-ETH-3780-010624,12.30000000,29,2024-06-01 07:34:16.411920,taker
C-ETH-3700-020624,83.20000000,2,2024-06-01 07:34:46.928648,maker
C-ETH-3720-020624,65.00000000,140,2024-06-01 07:36:51.598969,maker
P-ETH-3820-010624,43.90000000,40,2024-06-01 07:36:51.984259,taker
C-ETH-3740-010624,40.00000000,116,2024-06-01 07:36:52.200321,maker
P-ETH-3780-010624,12.40000000,20,2024-06-01 07:36:56.484112,taker
C-ETH-3780-010624,9.50000000,29,2024-06-01 07:36:57.282002,maker
P-ETH-3820-010624,43.10000000,1,2024-06-01 07:37:02.019647,taker
C-ETH-3780-010624,10.00000000,1,2024-06-01 07:37:06.613072,taker
C-ETH-3760-010624,23.40000000,446,2024-06-01 07:37:35.539040,maker
P-ETH-3600-020624,0.50000000,200,2024-06-01 07:37:58.900092,taker
P-ETH-3520-010624,0.01000000,200,2024-06-01 07:38:19.023458,maker
P-ETH-3780-010624,9.80000000,7,2024-06-01 07:39:09.057578,maker
P-ETH-3800-010624,24.10000000,5,2024-06-01 07:39:26.895635,taker
C-ETH-3740-020624,47.30000000,155,2024-06-01 07:42:41.691884,maker
C-ETH-3740-010624,39.20000000,40,2024-06-01 07:44:28.544194,maker
P-ETH-3780-010624,11.00000000,100,2024-06-01 07:45:25.824401,maker
C-ETH-3600-010624,182.00000000,500,2024-06-01 07:47:15.469351,taker
P-ETH-3780-010624,12.60000000,7,2024-06-01 07:48:09.334578,taker
C-ETH-3780-010624,10.90000000,30,2024-06-01 07:48:41.096530,taker
C-ETH-3800-020624,13.00000000,142,2024-06-01 07:49:47.528343,maker
P-ETH-3780-010624,12.60000000,79,2024-06-01 07:51:06.195746,taker
C-ETH-3780-010624,8.80000000,5,2024-06-01 07:51:17.407956,maker
P-ETH-3800-010624,26.80000000,47,2024-06-01 07:51:47.918800,taker
P-ETH-3740-020624,6.80000000,151,2024-06-01 07:51:49.023405,maker
C-ETH-3720-010624,58.40000000,30,2024-06-01 07:52:10.835671,taker
P-ETH-3780-010624,11.50000000,1,2024-06-01 07:52:44.163916,maker
P-ETH-3900-010624,126.20000000,15,2024-06-01 07:54:42.992477,taker
C-ETH-3680-010624,93.90000000,31,2024-06-01 07:55:01.975362,maker
C-ETH-3760-010624,19.10000000,94,2024-06-01 07:55:08.744231,maker
C-ETH-3820-010624,0.80000000,4,2024-06-01 07:55:08.935805,maker
P-ETH-3780-020624,22.10000000,259,2024-06-01 07:55:16.564052,maker
P-ETH-3760-010624,4.00000000,100,2024-06-01 07:55:30.102569,taker
P-ETH-3800-020624,35.00000000,126,2024-06-01 07:55:30.406858,taker
P-ETH-3800-010624,27.40000000,47,2024-06-01 07:55:30.728509,maker
C-ETH-3760-010624,18.70000000,14,2024-06-01 07:55:38.719906,maker
C-ETH-3780-020624,18.60000000,7,2024-06-01 07:55:53.168674,maker
P-ETH-3780-020624,26.10000000,5,2024-06-01 07:57:52.152153,taker
C-ETH-3840-010624,0.03000000,29,2024-06-01 07:58:14.599824,maker
P-ETH-3780-010624,14.00000000,15,2024-06-01 07:58:20.131683,maker
P-ETH-3720-020624,5.20000000,80,2024-06-01 07:59:33.304344,taker
P-ETH-3780-010624,15.60000000,1,2024-06-01 07:59:35.360407,taker
C-ETH-3800-020624,12.50000000,367,2024-06-01 07:59:55.836551,taker
P-ETH-3800-010624,27.00000000,1,2024-06-01 08:00:15.499160,maker
P-ETH-3800-010624,26.50000000,10,2024-06-01 08:00:45.496022,maker
C-ETH-3780-010624,7.00000000,40,2024-06-01 08:00:55.071811,maker
C-ETH-3740-010624,36.50000000,2,2024-06-01 08:01:02.800214,taker
P-ETH-3760-010624,5.70000000,10,2024-06-01 08:01:29.552359,taker
P-ETH-3100-260724,91.20000000,2,2024-06-01 08:01:31.997599,maker
C-ETH-3800-030624,34.30000000,50,2024-06-01 08:02:48.668339,maker
P-ETH-3700-030624,13.80000000,50,2024-06-01 08:03:28.631846,maker
P-ETH-3760-010624,3.40000000,10,2024-06-01 08:03:34.957186,maker
C-ETH-3840-030624,21.60000000,128,2024-06-01 08:03:49.136576,maker
P-ETH-3700-030624,14.00000000,132,2024-06-01 08:04:09.539448,maker
P-ETH-3700-020624,2.30000000,5,2024-06-01 08:04:41.505549,taker
C-ETH-4050-070624,33.20000000,1000,2024-06-01 08:05:21.663222,taker
P-ETH-3700-020624,2.20000000,1,2024-06-01 08:05:23.816427,taker
C-ETH-3700-010624,78.20000000,3,2024-06-01 08:05:39.760307,taker
P-ETH-3550-070624,27.70000000,600,2024-06-01 08:06:03.205925,taker
P-ETH-3780-010624,12.10000000,106,2024-06-01 08:07:21.980086,taker
P-ETH-3820-020624,47.80000000,343,2024-06-01 08:09:24.159514,maker
P-ETH-3720-010624,0.60000000,236,2024-06-01 08:09:31.111962,taker
C-ETH-3780-010624,8.40000000,400,2024-06-01 08:09:32.914436,taker
P-ETH-3700-010624,0.01000000,2,2024-06-01 08:10:23.991928,maker
P-ETH-3820-010624,45.70000000,1,2024-06-01 08:11:19.584268,taker
P-ETH-3700-020624,2.10000000,100,2024-06-01 08:11:38.446197,taker
P-ETH-3800-010624,27.30000000,67,2024-06-01 08:13:19.847768,taker
P-ETH-3650-070624,52.30000000,2,2024-06-01 08:13:36.007889,maker
P-ETH-3720-010624,0.03000000,236,2024-06-01 08:14:12.912640,maker
P-ETH-3800-010624,23.60000000,67,2024-06-01 08:16:48.592524,maker
P-ETH-3780-010624,9.70000000,79,2024-06-01 08:18:34.619879,maker
C-ETH-3760-010624,21.70000000,1000,2024-06-01 08:19:33.257168,maker
P-ETH-3780-010624,10.70000000,1299,2024-06-01 08:21:02.272462,maker
C-ETH-3780-010624,9.90000000,20,2024-06-01 08:21:14.156409,taker
C-ETH-3760-010624,22.30000000,14,2024-06-01 08:22:10.036727,taker
P-ETH-3800-010624,24.90000000,62,2024-06-01 08:22:16.163019,taker
C-ETH-3780-010624,9.90000000,20,2024-06-01 08:25:05.848952,taker
C-ETH-3600-010624,181.90000000,1,2024-06-01 08:25:43.967836,taker
C-ETH-3780-010624,9.60000000,15,2024-06-01 08:25:47.841367,taker
C-ETH-3680-010624,100.80000000,31,2024-06-01 08:25:52.240934,taker
C-ETH-3800-020624,11.10000000,24,2024-06-01 08:29:45.539718,maker
P-ETH-3780-010624,11.50000000,80,2024-06-01 08:30:21.776593,taker
C-ETH-3800-020624,13.20000000,24,2024-06-01 08:32:01.925657,taker
P-ETH-3780-010624,10.70000000,50,2024-06-01 08:32:14.386593,maker
C-ETH-4000-070624,41.80000000,20,2024-06-01 08:32:16.164461,taker
P-ETH-3700-010624,0.30000000,2,2024-06-01 08:32:16.831341,taker
P-ETH-3820-020624,44.50000000,21,2024-06-01 08:33:55.527533,maker
P-ETH-3780-010624,8.70000000,106,2024-06-01 08:34:09.969428,maker
P-ETH-3700-010624,0.30000000,100,2024-06-01 08:35:30.439494,taker
C-ETH-3800-020624,13.60000000,17,2024-06-01 08:35:32.135730,taker
P-ETH-2300-280624,2.70000000,1000,2024-06-01 08:35:33.780854,maker
P-ETH-2300-280624,2.70000000,513,2024-06-01 08:35:48.733631,maker
P-ETH-2300-280624,2.70000000,487,2024-06-01 08:35:48.819398,taker
C-ETH-3860-020624,2.50000000,50,2024-06-01 08:36:59.998902,taker
P-ETH-3700-010624,0.25000000,110,2024-06-01 08:37:54.735623,maker
C-ETH-3840-010624,0.03000000,20,2024-06-01 08:39:02.516689,maker
C-ETH-3860-010624,0.03000000,29,2024-06-01 08:39:02.518338,maker
C-ETH-3780-010624,8.20000000,45,2024-06-01 08:39:11.401170,maker
C-ETH-3760-010624,21.00000000,36,2024-06-01 08:39:11.403977,maker
P-ETH-3740-010624,0.90000000,261,2024-06-01 08:40:06.683977,taker
C-ETH-3760-010624,24.00000000,1000,2024-06-01 08:41:36.232052,taker
P-ETH-3800-010624,18.20000000,62,2024-06-01 08:41:36.663839,maker
C-ETH-3740-010624,42.70000000,2,2024-06-01 08:41:43.780009,maker
C-ETH-3740-010624,47.20000000,40,2024-06-01 08:41:46.428142,taker
C-ETH-3780-010624,13.10000000,15,2024-06-01 08:41:52.134936,taker
P-ETH-3820-020624,43.20000000,343,2024-06-01 08:41:52.303893,taker
P-ETH-3780-010624,7.70000000,73,2024-06-01 08:42:17.457487,maker
C-ETH-3780-010624,12.40000000,10,2024-06-01 08:42:51.621799,maker
P-ETH-3800-020624,28.00000000,126,2024-06-01 08:43:02.817288,maker
C-ETH-3760-010624,31.00000000,94,2024-06-01 08:43:10.633122,maker
P-ETH-3780-010624,5.00000000,1299,2024-06-01 08:43:12.307634,maker
P-ETH-3780-010624,4.90000000,1,2024-06-01 08:43:16.579578,maker
P-ETH-3780-010624,6.30000000,100,2024-06-01 08:43:31.239764,taker
C-ETH-3800-010624,5.40000000,2,2024-06-01 08:43:51.266971,taker
C-ETH-3780-010624,16.30000000,2,2024-06-01 08:44:21.603718,taker
C-ETH-3780-010624,16.80000000,50,2024-06-01 08:44:32.080001,taker
C-ETH-3780-010624,15.50000000,15,2024-06-01 08:45:08.316650,taker
C-ETH-3820-010624,0.80000000,17,2024-06-01 08:45:18.699940,taker
C-ETH-3820-010624,1.50000000,206,2024-06-01 08:45:18.699996,taker
C-ETH-3860-030624,26.30000000,30,2024-06-01 08:45:21.396463,taker
P-ETH-3800-010624,12.70000000,40,2024-06-01 08:45:27.243955,maker
C-ETH-3800-020624,19.40000000,17,2024-06-01 08:45:43.943850,maker
P-ETH-3400-070624,10.70000000,25,2024-06-01 08:46:13.716208,taker
P-ETH-3840-010624,49.40000000,10,2024-06-01 08:46:16.719817,taker
C-ETH-3760-010624,32.10000000,1,2024-06-01 08:46:17.856778,maker
P-ETH-3780-010624,4.20000000,1,2024-06-01 08:46:26.107913,maker
C-ETH-4300-070624,13.80000000,20,2024-06-01 08:46:28.028151,taker
C-ETH-3800-020624,21.40000000,37,2024-06-01 08:46:28.532236,taker
C-ETH-3800-020624,19.60000000,367,2024-06-01 08:46:57.692738,maker
P-ETH-3640-030624,4.60000000,500,2024-06-01 08:47:57.043557,maker
C-ETH-3800-020624,19.80000000,100,2024-06-01 08:49:03.738291,taker
P-ETH-3560-010624,0.30000000,96,2024-06-01 08:49:59.456743,taker
P-ETH-3560-010624,0.30000000,96,2024-06-01 08:50:08.993171,taker
P-ETH-3780-010624,6.60000000,20,2024-06-01 08:51:02.852437,taker
P-ETH-3780-010624,4.80000000,73,2024-06-01 08:51:47.203796,maker
C-ETH-3960-010624,0.01000000,92,2024-06-01 08:51:56.641048,maker
C-ETH-3840-010624,0.30000000,14,2024-06-01 08:52:17.767995,taker
C-ETH-3800-010624,6.00000000,18,2024-06-01 08:52:27.992623,taker
P-ETH-3720-030624,19.60000000,30,2024-06-01 08:52:50.615634,taker
P-ETH-3780-010624,4.90000000,180,2024-06-01 08:54:29.637525,maker
C-ETH-3800-030624,48.00000000,50,2024-06-01 08:56:32.980633,taker
C-ETH-3780-010624,18.40000000,2,2024-06-01 08:57:10.603590,maker
P-ETH-3800-010624,11.30000000,500,2024-06-01 08:57:17.798333,taker
C-ETH-3780-010624,22.70000000,1,2024-06-01 08:58:23.379685,taker
P-ETH-3780-010624,3.70000000,1,2024-06-01 08:58:23.382211,taker
C-ETH-3800-010624,8.60000000,200,2024-06-01 08:58:25.795437,taker
C-ETH-3740-020624,68.00000000,155,2024-06-01 08:58:26.850591,taker
C-ETH-3700-010624,103.50000000,4,2024-06-01 08:58:34.460613,taker
P-ETH-3780-010624,3.30000000,15,2024-06-01 08:58:39.504108,taker
P-ETH-4040-010624,235.80000000,5,2024-06-01 08:58:43.792323,maker
C-ETH-3900-010624,0.30000000,420,2024-06-01 08:58:46.996798,taker
C-ETH-3780-010624,23.40000000,10,2024-06-01 08:59:08.627802,taker
P-ETH-3780-010624,4.00000000,10,2024-06-01 08:59:28.021517,taker
C-ETH-3800-020624,22.30000000,3,2024-06-01 08:59:32.115681,maker
C-ETH-3780-010624,21.40000000,2,2024-06-01 08:59:42.108737,maker
C-ETH-3780-010624,21.70000000,2,2024-06-01 08:59:55.157063,maker
C-ETH-3780-010624,24.00000000,50,2024-06-01 09:00:03.887934,taker
C-ETH-3780-010624,22.50000000,2,2024-06-01 09:00:07.220629,maker
C-ETH-3800-010624,10.00000000,38,2024-06-01 09:00:10.140137,taker
C-ETH-3800-010624,10.00000000,162,2024-06-01 09:00:10.326937,taker
C-ETH-3780-010624,24.00000000,598,2024-06-01 09:00:10.407761,taker
C-ETH-3700-010624,104.70000000,17,2024-06-01 09:00:10.527303,taker
C-ETH-3840-010624,0.30000000,35,2024-06-01 09:00:13.403326,taker
C-ETH-3780-010624,24.20000000,2,2024-06-01 09:00:20.879311,taker
C-ETH-5000-260724,110.00000000,8,2024-06-01 09:00:49.488572,taker
C-ETH-5200-260724,89.90000000,100,2024-06-01 09:00:54.269723,taker
C-ETH-3780-010624,27.20000000,5,2024-06-01 09:00:54.547944,taker
C-ETH-3780-010624,28.90000000,5,2024-06-01 09:01:00.276694,taker
C-ETH-3820-010624,4.30000000,71,2024-06-01 09:01:07.600147,taker
P-ETH-3800-010624,7.60000000,938,2024-06-01 09:01:15.015586,taker
C-ETH-3760-010624,45.80000000,446,2024-06-01 09:01:18.760200,taker
P-ETH-3800-010624,6.40000000,192,2024-06-01 09:01:23.003674,maker
P-ETH-3840-010624,36.30000000,18,2024-06-01 09:01:25.409468,taker
C-ETH-3780-010624,28.00000000,3,2024-06-01 09:01:32.159707,taker
C-ETH-3700-010624,109.60000000,450,2024-06-01 09:01:38.361790,taker
C-ETH-3840-010624,1.40000000,50,2024-06-01 09:01:38.882708,taker
P-ETH-3400-070624,10.00000000,25,2024-06-01 09:01:39.633961,maker
C-ETH-3820-010624,4.50000000,10,2024-06-01 09:01:48.679173,taker
P-ETH-3820-010624,16.10000000,20,2024-06-01 09:01:56.993047,maker
C-ETH-3800-010624,13.30000000,2,2024-06-01 09:01:59.401111,maker
C-ETH-3800-010624,14.90000000,228,2024-06-01 09:02:04.144724,taker
C-ETH-3760-010624,45.60000000,1,2024-06-01 09:02:23.440497,maker
C-ETH-3820-010624,4.00000000,1635,2024-06-01 09:02:30.779384,maker
P-ETH-3780-010624,2.40000000,130,2024-06-01 09:02:45.351795,taker
C-ETH-3820-010624,4.00000000,1114,2024-06-01 09:03:07.461382,maker
P-ETH-3800-020624,20.80000000,10,2024-06-01 09:03:32.370493,taker
P-ETH-3820-020624,30.70000000,1,2024-06-01 09:05:12.168436,maker
C-ETH-3800-010624,12.60000000,17,2024-06-01 09:05:20.720494,taker
C-ETH-3760-020624,52.80000000,100,2024-06-01 09:05:31.074378,taker
P-ETH-3820-020624,32.10000000,1,2024-06-01 09:05:34.101285,taker
P-ETH-3560-010624,0.01000000,192,2024-06-01 09:06:00.728954,maker
C-ETH-3800-010624,14.50000000,20,2024-06-01 09:06:10.823764,taker
P-ETH-3800-010624,6.80000000,100,2024-06-01 09:06:34.688147,taker
P-ETH-3800-010624,6.70000000,37,2024-06-01 09:06:37.780795,taker
P-ETH-3800-010624,6.80000000,3,2024-06-01 09:06:41.448920,taker
P-ETH-3800-010624,6.70000000,32,2024-06-01 09:06:49.092046,taker
P-ETH-3800-010624,8.10000000,600,2024-06-01 09:07:28.538659,taker
P-ETH-3700-010624,0.01000000,270,2024-06-01 09:07:44.167803,maker
P-ETH-3900-010624,95.10000000,239,2024-06-01 09:08:32.271709,maker
C-ETH-3780-010624,23.50000000,64,2024-06-01 09:09:07.005469,maker
C-ETH-3800-010624,9.80000000,20,2024-06-01 09:09:12.556556,maker
P-ETH-2800-070624,0.01000000,17,2024-06-01 09:09:12.785049,maker
P-ETH-3520-010624,0.01000000,102,2024-06-01 09:09:12.791454,maker
P-ETH-3820-010624,21.40000000,10,2024-06-01 09:09:40.220163,taker
C-ETH-3800-010624,10.10000000,5,2024-06-01 09:10:06.313253,maker
C-ETH-3840-010624,1.10000000,1511,2024-06-01 09:10:49.373051,taker
C-ETH-3840-010624,1.10000000,1511,2024-06-01 09:10:49.487191,maker
C-ETH-3840-010624,1.80000000,100,2024-06-01 09:11:43.305086,taker
C-ETH-3860-010624,0.30000000,29,2024-06-01 09:12:12.941617,taker
P-ETH-3700-010624,0.30000000,166,2024-06-01 09:12:46.008590,taker
P-ETH-3700-010624,0.30000000,1509,2024-06-01 09:12:46.008640,taker
P-ETH-3700-010624,0.30000000,948,2024-06-01 09:12:46.145516,maker
C-ETH-3860-010624,0.50000000,1508,2024-06-01 09:12:47.389336,taker
C-ETH-3860-010624,0.50000000,1492,2024-06-01 09:12:47.633722,maker
P-ETH-3520-010624,0.01000000,200,2024-06-01 09:12:59.934801,maker
C-ETH-5200-280624,23.20000000,21,2024-06-01 09:13:32.531854,maker
C-ETH-3780-010624,26.00000000,10,2024-06-01 09:13:59.780532,maker
P-ETH-3700-020624,0.40000000,6,2024-06-01 09:14:05.811150,maker
P-ETH-3840-010624,35.00000000,61,2024-06-01 09:14:18.734485,taker
C-ETH-3820-020624,18.10000000,49,2024-06-01 09:14:25.224710,taker
C-ETH-3780-010624,23.70000000,10,2024-06-01 09:14:25.956455,maker
C-ETH-3800-010624,9.20000000,17,2024-06-01 09:14:31.104032,maker
C-ETH-3800-010624,10.00000000,2,2024-06-01 09:15:00.493927,maker
P-ETH-3900-010624,98.00000000,2,2024-06-01 09:15:03.142034,taker
C-ETH-3800-010624,7.50000000,53,2024-06-01 09:16:43.503852,taker
C-ETH-3820-010624,2.90000000,11,2024-06-01 09:16:56.115897,taker
P-ETH-3780-020624,14.50000000,139,2024-06-01 09:17:03.752674,taker
P-ETH-3780-010624,2.80000000,65,2024-06-01 09:17:06.013075,maker
C-ETH-3800-030624,47.70000000,41,2024-06-01 09:17:36.092587,maker
C-ETH-5000-260724,114.90000000,10,2024-06-01 09:17:56.144529,taker
C-ETH-5000-260724,117.70000000,20,2024-06-01 09:17:56.144578,taker
P-ETH-3780-010624,2.50000000,16,2024-06-01 09:18:01.320095,maker
C-ETH-3820-020624,14.20000000,18,2024-06-01 09:20:05.499685,taker
C-ETH-3820-010624,2.30000000,70,2024-06-01 09:20:08.956212,taker
P-ETH-3780-010624,4.60000000,49,2024-06-01 09:20:12.723498,maker
P-ETH-3780-010624,4.60000000,218,2024-06-01 09:20:14.968894,maker
C-ETH-3800-010624,6.50000000,30,2024-06-01 09:20:46.881438,taker
C-ETH-3800-010624,6.20000000,2,2024-06-01 09:21:11.939841,taker
P-ETH-3800-010624,11.60000000,5,2024-06-01 09:21:18.652836,maker
C-ETH-3780-010624,17.90000000,18,2024-06-01 09:21:35.749141,taker
C-ETH-3800-010624,5.20000000,103,2024-06-01 09:21:59.808759,maker
C-ETH-3800-010624,5.20000000,12,2024-06-01 09:22:30.466048,taker
C-ETH-5200-280624,22.20000000,1,2024-06-01 09:23:29.221798,maker
C-ETH-3800-010624,6.60000000,2,2024-06-01 09:27:02.471649,taker
C-ETH-3840-010624,1.20000000,104,2024-06-01 09:27:23.845580,taker
C-ETH-3840-010624,1.20000000,76,2024-06-01 09:27:24.172214,maker
P-ETH-3660-010624,0.20000000,200,2024-06-01 09:28:36.753179,maker
C-ETH-3800-010624,4.10000000,2,2024-06-01 09:30:11.331991,maker
C-ETH-3840-010624,1.00000000,200,2024-06-01 09:30:18.513387,maker
P-ETH-3820-010624,32.00000000,20,2024-06-01 09:30:38.997323,taker
C-ETH-3800-010624,5.10000000,250,2024-06-01 09:30:51.175796,taker
C-ETH-3780-010624,15.70000000,20,2024-06-01 09:32:25.551945,taker
P-ETH-3720-010624,0.03000000,385,2024-06-01 09:32:35.524521,maker
C-ETH-3800-010624,5.20000000,10,2024-06-01 09:32:57.362800,taker
C-ETH-3840-010624,0.03000000,14,2024-06-01 09:33:17.824638,maker
C-ETH-3840-010624,0.50000000,250,2024-06-01 09:33:33.118651,taker
C-ETH-3920-030624,13.50000000,100,2024-06-01 09:33:34.122407,taker
C-ETH-3800-010624,5.20000000,64,2024-06-01 09:33:38.367564,taker
C-ETH-3840-010624,0.50000000,13,2024-06-01 09:33:49.044797,taker
P-ETH-3780-010624,4.80000000,2,2024-06-01 09:34:01.186299,maker
P-ETH-3800-010624,14.60000000,5,2024-06-01 09:34:19.875457,taker
C-ETH-3780-010624,14.20000000,10,2024-06-01 09:34:46.003536,taker
P-ETH-3800-020624,28.00000000,615,2024-06-01 09:35:26.038346,maker
C-ETH-3780-010624,15.00000000,20,2024-06-01 09:35:36.119847,maker
P-ETH-3820-010624,27.70000000,10,2024-06-01 09:36:38.944536,maker
C-ETH-3780-020624,31.80000000,12,2024-06-01 09:37:49.932071,taker
C-ETH-3780-010624,17.30000000,20,2024-06-01 09:37:54.284447,taker
P-ETH-3780-010624,2.70000000,6,2024-06-01 09:38:34.092622,maker
C-ETH-3800-010624,5.00000000,20,2024-06-01 09:39:57.057028,maker
C-ETH-3800-010624,5.00000000,3,2024-06-01 09:40:09.969460,maker
P-ETH-3780-010624,3.70000000,6,2024-06-01 09:40:18.924326,taker
C-ETH-3800-010624,6.00000000,2,2024-06-01 09:43:57.676604,taker
C-ETH-3800-010624,6.70000000,3,2024-06-01 09:43:57.676693,taker
C-ETH-3800-020624,23.00000000,1,2024-06-01 09:44:03.152465,taker
P-ETH-3800-010624,10.10000000,10,2024-06-01 09:45:09.511688,maker
C-ETH-3680-010624,115.70000000,111,2024-06-01 09:47:41.012478,taker
C-ETH-3800-010624,5.00000000,77,2024-06-01 09:48:05.614553,maker
C-ETH-3800-010624,4.63000000,2,2024-06-01 09:48:28.005360,maker
C-ETH-3800-010624,4.63000000,3,2024-06-01 09:48:34.636999,maker
C-ETH-3680-010624,108.40000000,111,2024-06-01 09:48:50.072270,maker
C-ETH-3800-030624,45.40000000,41,2024-06-01 09:49:08.228147,taker
C-ETH-3800-010624,3.20000000,30,2024-06-01 09:49:10.329134,maker
C-ETH-3800-010624,3.40000000,5,2024-06-01 09:49:26.664700,maker
P-ETH-3880-010624,87.20000000,295,2024-06-01 09:49:26.880209,maker
C-ETH-3800-010624,3.30000000,5,2024-06-01 09:49:31.216599,maker
C-ETH-3800-010624,3.20000000,5,2024-06-01 09:49:35.917961,maker
P-ETH-3560-010624,0.01000000,9,2024-06-01 09:50:04.314172,maker
P-ETH-3880-010624,85.40000000,5,2024-06-01 09:50:25.560641,maker
C-ETH-3780-010624,16.30000000,248,2024-06-01 09:51:01.712061,taker
C-ETH-3800-010624,3.85000000,64,2024-06-01 09:52:35.183785,maker
C-ETH-3800-010624,5.20000000,1099,2024-06-01 09:55:11.877337,taker
C-ETH-3800-010624,6.05000000,1759,2024-06-01 09:55:11.878183,taker
C-ETH-3800-010624,7.26000000,642,2024-06-01 09:55:11.878918,taker
C-ETH-4600-070624,3.50000000,10,2024-06-01 09:56:23.156025,maker
P-ETH-3150-070624,2.40000000,15,2024-06-01 09:56:37.299872,maker
C-ETH-3780-030624,55.80000000,171,2024-06-01 09:57:22.104595,taker
P-ETH-3780-010624,2.40000000,2,2024-06-01 09:58:04.337239,maker
C-ETH-3800-010624,5.90000000,39,2024-06-01 10:00:13.392806,maker
C-ETH-3780-010624,19.00000000,12,2024-06-01 10:02:48.136176,taker
C-ETH-3780-020624,32.80000000,200,2024-06-01 10:05:04.635904,taker
C-ETH-3700-010624,93.50000000,232,2024-06-01 10:05:06.813231,taker
P-ETH-3800-020624,23.10000000,15,2024-06-01 10:05:08.823832,maker
P-ETH-4000-010624,202.50000000,23,2024-06-01 10:06:10.185747,taker
C-ETH-3560-010624,229.10000000,17,2024-06-01 10:07:11.546700,taker
P-ETH-3760-020624,8.00000000,86,2024-06-01 10:07:21.707280,taker
C-ETH-3800-010624,4.70000000,10,2024-06-01 10:07:29.973755,taker
C-ETH-3800-010624,4.60000000,10,2024-06-01 10:07:59.373162,taker
C-ETH-4500-280624,78.90000000,1,2024-06-01 10:09:23.863596,taker
P-ETH-3800-010624,13.00000000,1,2024-06-01 10:10:20.843781,taker
C-ETH-3800-010624,4.20000000,200,2024-06-01 10:10:30.809655,taker
P-ETH-3700-010624,0.30000000,10,2024-06-01 10:10:37.215857,taker
C-ETH-3800-010624,4.10000000,400,2024-06-01 10:11:53.025994,taker
P-ETH-3780-010624,1.60000000,703,2024-06-01 10:14:19.135898,maker
C-ETH-3800-030624,45.32000000,1,2024-06-01 10:16:04.818367,maker
C-ETH-3920-020624,0.01000000,4,2024-06-01 10:16:31.825700,maker
P-ETH-3600-020624,0.01000000,5,2024-06-01 10:16:57.208565,maker
P-ETH-2300-280624,3.90000000,5,2024-06-01 10:17:02.023880,taker
C-ETH-3820-010624,0.80000000,550,2024-06-01 10:17:27.233601,taker
P-ETH-3780-010624,2.80000000,1,2024-06-01 10:18:06.688563,taker
P-ETH-3800-020624,23.40000000,100,2024-06-01 10:20:49.149581,maker
P-ETH-3700-020624,1.30000000,190,2024-06-01 10:20:49.571686,maker
P-ETH-3800-020624,23.60000000,100,2024-06-01 10:21:01.548473,taker
P-ETH-3780-020624,14.30000000,150,2024-06-01 10:23:12.136523,maker
C-ETH-3820-020624,10.60000000,150,2024-06-01 10:23:42.671822,maker
C-ETH-3820-020624,10.60000000,49,2024-06-01 10:23:49.921609,maker
C-ETH-3780-020624,30.39000000,1733,2024-06-01 10:24:03.656235,maker
C-ETH-3780-020624,30.39000000,128,2024-06-01 10:24:05.750090,maker
P-ETH-3760-020624,9.70000000,86,2024-06-01 10:24:05.772248,taker
P-ETH-3780-010624,2.60000000,50,2024-06-01 10:24:51.007971,taker
P-ETH-3800-030624,50.50000000,11,2024-06-01 10:25:46.055913,taker
P-ETH-3760-010624,0.60000000,2,2024-06-01 10:26:51.224515,taker
C-ETH-3800-020624,17.10000000,37,2024-06-01 10:27:08.428165,maker
C-ETH-3780-010624,12.40000000,12,2024-06-01 10:27:41.536162,maker
P-ETH-3880-010624,91.10000000,300,2024-06-01 10:28:13.515401,taker
P-ETH-3780-010624,2.80000000,1,2024-06-01 10:28:13.612755,taker
P-ETH-3800-070624,108.50000000,10,2024-06-01 10:29:40.467591,maker
P-ETH-3740-020624,3.70000000,484,2024-06-01 10:29:51.851957,maker
C-ETH-3800-010624,3.00000000,5,2024-06-01 10:30:08.797761,maker
C-ETH-3800-010624,3.00000000,5,2024-06-01 10:30:13.120196,maker
C-ETH-3800-010624,3.00000000,2,2024-06-01 10:30:18.685048,maker
C-ETH-3800-010624,3.00000000,48,2024-06-01 10:30:20.245814,maker
C-ETH-3800-030624,44.00000000,50,2024-06-01 10:30:50.603008,maker
P-ETH-3760-020624,8.10000000,235,2024-06-01 10:30:59.856167,maker
C-ETH-3800-010624,2.00000000,10,2024-06-01 10:31:00.033351,maker
C-ETH-3800-010624,2.00000000,5,2024-06-01 10:31:12.360572,maker
C-ETH-3800-010624,2.00000000,2,2024-06-01 10:31:56.212853,maker
P-ETH-3760-010624,0.60000000,1237,2024-06-01 10:32:02.552298,taker
P-ETH-3760-010624,0.60000000,1237,2024-06-01 10:32:02.802851,maker
P-ETH-3760-010624,0.60000000,1237,2024-06-01 10:32:03.060175,maker
P-ETH-3760-010624,0.60000000,1237,2024-06-01 10:32:03.350729,maker
P-ETH-3760-010624,0.60000000,1237,2024-06-01 10:32:03.720601,maker
P-ETH-3760-010624,0.60000000,565,2024-06-01 10:32:04.009700,maker
C-ETH-3800-010624,2.00000000,1,2024-06-01 10:32:06.520775,maker
C-ETH-3800-010624,2.00000000,1,2024-06-01 10:32:10.072845,maker
C-ETH-3800-010624,2.00000000,1,2024-06-01 10:32:14.016053,maker
C-ETH-3800-010624,2.00000000,1,2024-06-01 10:32:17.519984,maker
C-ETH-3800-010624,2.00000000,1,2024-06-01 10:32:21.109156,maker
C-ETH-3800-010624,2.80000000,106,2024-06-01 10:32:21.460883,taker
P-ETH-3800-010624,13.20000000,10,2024-06-01 10:32:43.372345,taker
C-ETH-3800-010624,2.00000000,2,2024-06-01 10:34:17.725291,maker
P-ETH-3800-010624,11.40000000,938,2024-06-01 10:34:20.707833,maker
C-ETH-3780-020624,27.26000000,1861,2024-06-01 10:35:12.173133,taker
P-ETH-3700-020624,1.30000000,10,2024-06-01 10:35:12.458896,maker
P-ETH-3780-020624,13.70000000,3,2024-06-01 10:35:38.816128,maker
C-ETH-3800-010624,2.90000000,10,2024-06-01 10:37:55.380925,maker
C-ETH-3780-020624,28.80000000,100,2024-06-01 10:38:16.451972,taker
P-ETH-3780-020624,16.30000000,100,2024-06-01 10:38:39.367906,taker
C-ETH-3800-010624,2.00000000,76,2024-06-01 10:41:15.323338,maker
C-ETH-3800-010624,1.50000000,1,2024-06-01 10:41:19.689788,maker
C-ETH-3800-010624,1.00000000,105,2024-06-01 10:41:19.689870,maker
P-ETH-3700-020624,1.50000000,190,2024-06-01 10:41:25.504802,taker
C-ETH-3920-030624,10.70000000,26,2024-06-01 10:41:30.672149,taker
P-ETH-3800-010624,14.30000000,16,2024-06-01 10:41:34.431867,taker
P-ETH-3780-010624,3.10000000,42,2024-06-01 10:41:53.164242,taker
C-ETH-3800-010624,1.10000000,20,2024-06-01 10:41:58.579007,taker
P-ETH-3760-020624,10.20000000,235,2024-06-01 10:42:19.647781,taker
C-ETH-3800-010624,1.10000000,1,2024-06-01 10:42:20.219471,maker
P-ETH-3900-010624,114.10000000,2,2024-06-01 10:42:23.224853,taker
P-ETH-3740-020624,5.50000000,484,2024-06-01 10:42:23.584083,taker
C-ETH-3760-010624,27.30000000,45,2024-06-01 10:42:25.559938,maker
P-ETH-3780-010624,3.10000000,30,2024-06-01 10:42:42.449083,taker
C-ETH-3800-010624,0.80000000,2208,2024-06-01 10:43:23.861138,maker
C-ETH-3800-010624,0.60000000,200,2024-06-01 10:43:23.862180,maker
C-ETH-3800-010624,0.51000000,100,2024-06-01 10:43:23.862200,maker
C-ETH-3800-010624,0.51000000,992,2024-06-01 10:43:23.862219,maker
P-ETH-3680-020624,0.90000000,1000,2024-06-01 10:43:36.574841,taker
P-ETH-3840-010624,55.50000000,61,2024-06-01 10:43:40.080212,taker
P-ETH-3800-070624,110.50000000,10,2024-06-01 10:44:23.283795,maker
C-ETH-3780-020624,24.50000000,200,2024-06-01 10:44:29.520189,maker
P-ETH-3800-010624,15.50000000,24,2024-06-01 10:44:58.819905,taker
P-ETH-3800-010624,16.00000000,1,2024-06-01 10:45:15.071516,taker
P-ETH-3780-010624,3.70000000,1000,2024-06-01 10:45:19.544303,taker
C-ETH-3800-010624,0.69000000,1,2024-06-01 10:46:07.519896,taker
C-ETH-3800-010624,0.79000000,1,2024-06-01 10:46:07.519957,taker
C-ETH-3800-010624,0.79000000,1,2024-06-01 10:46:08.288425,maker
C-ETH-3780-010624,8.90000000,938,2024-06-01 10:46:16.235061,maker
P-ETH-3820-010624,36.00000000,10,2024-06-01 10:46:26.454468,maker
C-ETH-3800-010624,0.89000000,1,2024-06-01 10:46:59.512371,taker
C-ETH-3800-010624,0.89000000,1,2024-06-01 10:46:59.872602,maker
C-ETH-3800-010624,0.89000000,15,2024-06-01 10:47:25.248330,taker
C-ETH-3800-010624,0.99000000,1,2024-06-01 10:47:43.127686,taker
P-ETH-3800-010624,15.50000000,16,2024-06-01 10:47:54.620270,maker
C-ETH-3800-010624,1.00000000,228,2024-06-01 10:48:05.592242,taker
C-ETH-3800-010624,0.30000000,10,2024-06-01 10:48:40.676706,maker
C-ETH-3800-010624,1.20000000,1,2024-06-01 10:48:42.959627,taker
P-ETH-3800-010624,16.50000000,54,2024-06-01 10:48:45.611722,maker
C-ETH-3780-010624,7.80000000,248,2024-06-01 10:48:49.528237,maker
C-ETH-3800-010624,1.20000000,5,2024-06-01 10:48:51.767948,maker
C-ETH-3800-010624,1.30000000,2,2024-06-01 10:49:13.472617,taker
C-ETH-3800-010624,1.30000000,508,2024-06-01 10:49:14.785040,maker
P-ETH-3800-010624,15.20000000,252,2024-06-01 10:50:53.792531,taker
P-ETH-3800-010624,15.20000000,119,2024-06-01 10:50:55.087615,taker
C-ETH-3780-010624,10.60000000,100,2024-06-01 10:51:39.240864,taker
C-ETH-3800-010624,1.29000000,11,2024-06-01 10:53:44.452971,taker
P-ETH-3800-010624,12.60000000,24,2024-06-01 10:53:47.567931,maker
C-ETH-3800-010624,1.60000000,109,2024-06-01 10:54:03.758040,taker
C-ETH-3560-010624,221.60000000,7,2024-06-01 10:54:53.179765,maker
C-ETH-3780-010624,8.60000000,10,2024-06-01 10:55:01.672055,taker
C-ETH-3780-010624,7.20000000,938,2024-06-01 10:55:09.475509,maker
C-ETH-3800-020624,16.00000000,20,2024-06-01 10:55:36.774309,maker
P-ETH-3800-010624,16.10000000,87,2024-06-01 10:55:52.337007,taker
C-ETH-3560-010624,229.30000000,7,2024-06-01 10:56:12.328701,taker
C-ETH-3780-020624,23.70000000,9,2024-06-01 10:56:14.391983,maker
C-ETH-3560-020624,222.20000000,6,2024-06-01 10:56:37.980399,maker
P-ETH-3780-010624,2.30000000,407,2024-06-01 10:58:02.624060,maker
C-ETH-3820-010624,0.03000000,550,2024-06-01 10:58:30.030374,maker
C-ETH-3840-010624,0.03000000,1937,2024-06-01 10:58:30.034703,maker
C-ETH-3840-010624,0.02000000,1265,2024-06-01 10:58:30.034790,maker
C-ETH-3860-010624,0.02000000,2500,2024-06-01 10:58:30.036748,maker
C-ETH-3860-010624,0.01000000,529,2024-06-01 10:58:30.036827,maker
P-ETH-3800-010624,14.20000000,161,2024-06-01 11:01:28.904990,maker
C-ETH-3780-010624,8.70000000,1219,2024-06-01 11:01:30.308026,taker
C-ETH-3780-010624,8.70000000,781,2024-06-01 11:01:30.559254,maker
P-ETH-3800-010624,14.50000000,1,2024-06-01 11:01:35.276765,maker
P-ETH-3650-070624,49.40000000,45,2024-06-01 11:01:45.559626,maker
P-ETH-3800-010624,14.80000000,1,2024-06-01 11:02:24.932097,maker
P-ETH-3680-030624,9.90000000,1,2024-06-01 11:03:24.016836,maker
P-ETH-3800-010624,17.00000000,148,2024-06-01 11:06:02.314271,taker
P-ETH-3800-010624,18.00000000,32,2024-06-01 11:06:02.796246,taker
P-ETH-3800-010624,18.80000000,8,2024-06-01 11:06:02.796317,taker
C-ETH-3780-010624,5.30000000,100,2024-06-01 11:06:18.440393,maker
P-ETH-3800-010624,16.60000000,1,2024-06-01 11:06:25.895806,maker
P-ETH-3820-010624,35.90000000,10,2024-06-01 11:06:32.872370,maker
C-ETH-3800-010624,0.60000000,10,2024-06-01 11:06:47.620919,maker
C-ETH-3800-010624,0.60000000,2,2024-06-01 11:07:00.388735,maker
C-ETH-3800-010624,0.60000000,5,2024-06-01 11:07:07.753387,maker
P-ETH-3800-010624,18.30000000,100,2024-06-01 11:07:10.172238,taker
C-ETH-3820-010624,0.03000000,70,2024-06-01 11:07:38.711832,maker
P-ETH-3800-010624,14.00000000,30,2024-06-01 11:07:53.895942,maker
P-ETH-3760-010624,0.50000000,1,2024-06-01 11:08:22.912530,taker
C-ETH-3760-010624,25.70000000,1,2024-06-01 11:08:28.003789,taker
P-ETH-3800-010624,14.70000000,119,2024-06-01 11:08:42.128370,maker
C-ETH-3800-010624,0.90000000,150,2024-06-01 11:11:40.337456,taker
P-ETH-3800-030624,52.20000000,50,2024-06-01 11:13:05.871394,maker
C-ETH-3800-010624,0.90000000,142,2024-06-01 11:13:24.205173,maker
P-ETH-3780-010624,0.51000000,42,2024-06-01 11:14:09.529330,maker
P-ETH-3780-020624,15.00000000,200,2024-06-01 11:14:41.366997,taker
C-ETH-3800-010624,1.10000000,6,2024-06-01 11:15:08.244191,taker
C-ETH-3760-010624,30.50000000,21,2024-06-01 11:15:22.816105,taker
P-ETH-3780-010624,1.30000000,159,2024-06-01 11:15:49.668326,taker
C-ETH-3800-010624,0.95000000,239,2024-06-01 11:16:10.680809,maker
C-ETH-3780-010624,9.00000000,2000,2024-06-01 11:16:21.992206,maker
C-ETH-3800-010624,0.95000000,129,2024-06-01 11:16:26.576512,maker
P-ETH-3100-070624,3.00000000,100,2024-06-01 11:16:55.056040,taker
P-ETH-3800-010624,10.10000000,252,2024-06-01 11:17:35.680225,maker
P-ETH-3800-010624,10.00000000,100,2024-06-01 11:17:49.196560,maker
P-ETH-3900-010624,106.90000000,35,2024-06-01 11:17:50.396392,maker
C-ETH-3780-010624,12.20000000,288,2024-06-01 11:17:52.519789,taker
P-ETH-3800-010624,10.00000000,61,2024-06-01 11:17:56.200493,maker
C-ETH-3700-010624,93.40000000,118,2024-06-01 11:18:10.976094,taker
C-ETH-3600-010624,188.20000000,1,2024-06-01 11:18:12.055120,maker
C-ETH-3780-010624,13.10000000,73,2024-06-01 11:18:36.860243,taker
C-ETH-3800-010624,0.95000000,1289,2024-06-01 11:18:58.679493,maker
C-ETH-3800-010624,0.95000000,1289,2024-06-01 11:18:58.977532,maker
C-ETH-3800-010624,0.95000000,730,2024-06-01 11:18:59.580981,maker
P-ETH-3800-010624,14.40000000,1,2024-06-01 11:19:46.644155,taker
P-ETH-3780-010624,1.50000000,51,2024-06-01 11:20:21.931741,taker
C-ETH-3780-020624,26.50000000,202,2024-06-01 11:21:59.652308,maker
C-ETH-3780-010624,7.90000000,1,2024-06-01 11:22:16.612161,taker
C-ETH-3780-010624,7.20000000,200,2024-06-01 11:22:16.933920,maker
C-ETH-3820-010624,0.03000000,2380,2024-06-01 11:22:52.495850,maker
C-ETH-3820-010624,0.02000000,369,2024-06-01 11:22:52.495921,maker
C-ETH-3760-010624,26.60000000,99,2024-06-01 11:22:56.735988,maker
C-ETH-3800-020624,16.00000000,20,2024-06-01 11:23:23.195741,maker
C-ETH-3780-030624,53.20000000,50,2024-06-01 11:23:53.263698,taker
C-ETH-4040-010624,0.01000000,3807,2024-06-01 11:23:59.436220,maker
C-ETH-3780-010624,7.90000000,199,2024-06-01 11:26:45.823339,taker
C-ETH-3880-010624,0.01000000,56,2024-06-01 11:27:02.651681,maker
P-ETH-3780-010624,1.00000000,471,2024-06-01 11:28:20.506962,maker
C-ETH-3800-020624,16.00000000,1,2024-06-01 11:28:21.135723,maker
C-ETH-3800-010624,0.60000000,83,2024-06-01 11:28:43.083699,maker
P-ETH-3800-020624,26.40000000,109,2024-06-01 11:29:30.795831,maker
C-ETH-3780-020624,23.80000000,11,2024-06-01 11:29:34.473210,taker
P-ETH-3800-010624,13.80000000,1,2024-06-01 11:30:13.524374,taker
C-ETH-3780-020624,26.40000000,11,2024-06-01 11:30:26.200127,taker
P-ETH-3780-010624,0.51000000,50,2024-06-01 11:30:28.857101,maker
P-ETH-3780-010624,0.51000000,8,2024-06-01 11:31:41.179636,maker
P-ETH-3780-010624,0.05000000,151,2024-06-01 11:31:41.179691,maker
P-ETH-3800-010624,10.10000000,1,2024-06-01 11:31:46.191515,maker
C-ETH-3780-010624,12.00000000,1,2024-06-01 11:32:38.323309,taker
P-ETH-3800-020624,25.00000000,9,2024-06-01 11:33:16.285813,taker
C-ETH-3820-010624,0.28000000,529,2024-06-01 11:33:16.891994,taker
C-ETH-3780-010624,9.40000000,3,2024-06-01 11:33:27.213200,taker
C-ETH-3780-020624,26.80000000,5,2024-06-01 11:33:56.855592,taker
C-ETH-3780-010624,9.10000000,224,2024-06-01 11:33:57.008105,taker
C-ETH-3800-010624,2.00000000,3,2024-06-01 11:33:57.156460,taker
C-ETH-3800-010624,0.40000000,100,2024-06-01 11:34:00.402562,maker
C-ETH-3780-020624,28.00000000,50,2024-06-01 11:34:56.515274,taker
C-ETH-3780-010624,7.70000000,100,2024-06-01 11:35:40.872518,maker
C-ETH-3780-010624,7.50000000,100,2024-06-01 11:35:59.296722,maker
P-ETH-3800-010624,9.40000000,87,2024-06-01 11:37:00.903994,maker
P-ETH-3760-010624,0.01000000,2,2024-06-01 11:37:22.103965,maker
P-ETH-3740-010624,0.01000000,261,2024-06-01 11:37:29.115113,maker
P-ETH-3780-010624,0.21000000,256,2024-06-01 11:37:50.211987,maker
P-ETH-3780-010624,0.20000000,139,2024-06-01 11:37:57.235952,maker
C-ETH-3800-010624,1.20000000,19,2024-06-01 11:37:57.967414,taker
C-ETH-3780-010624,10.80000000,3,2024-06-01 11:38:03.751685,maker
C-ETH-3780-010624,10.80000000,100,2024-06-01 11:38:11.077087,maker
C-ETH-3780-010624,11.00000000,100,2024-06-01 11:38:18.710455,maker
P-ETH-3780-010624,0.20000000,200,2024-06-01 11:38:33.201024,maker
C-ETH-3780-010624,11.00000000,50,2024-06-01 11:39:06.353352,maker
C-ETH-3780-010624,12.10000000,64,2024-06-01 11:39:07.719533,taker
C-ETH-3780-010624,11.00000000,50,2024-06-01 11:39:11.353919,maker
C-ETH-3800-010624,0.04000000,3,2024-06-01 11:39:29.784680,maker
P-ETH-3760-010624,0.01000000,2001,2024-06-01 11:39:34.504053,maker
P-ETH-3780-010624,0.20000000,161,2024-06-01 11:39:38.391945,maker
P-ETH-3780-010624,0.06000000,300,2024-06-01 11:39:38.392005,maker
P-ETH-3780-010624,0.01000000,521,2024-06-01 11:39:38.392024,maker
P-ETH-3800-010624,8.30000000,140,2024-06-01 11:39:44.624745,maker
P-ETH-4040-010624,252.90000000,5,2024-06-01 11:40:07.355700,taker
C-ETH-3780-010624,9.40000000,85,2024-06-01 11:42:26.824119,maker
C-ETH-3800-010624,0.05000000,532,2024-06-01 11:42:26.828506,maker
C-ETH-3880-020624,1.90000000,20,2024-06-01 11:42:59.544960,taker
C-ETH-3780-010624,10.60000000,200,2024-06-01 11:43:00.413177,maker
P-ETH-3780-020624,15.60000000,30,2024-06-01 11:43:08.119861,taker
P-ETH-3100-070624,3.00000000,50,2024-06-01 11:43:13.481919,taker
C-ETH-3780-010624,10.80000000,100,2024-06-01 11:43:38.865131,maker
C-ETH-3800-020624,19.00000000,5,2024-06-01 11:44:10.968969,taker
C-ETH-3780-010624,11.00000000,100,2024-06-01 11:44:11.881274,maker
C-ETH-3800-010624,0.30000000,291,2024-06-01 11:44:19.031843,taker
C-ETH-3780-010624,11.00000000,100,2024-06-01 11:44:19.420612,maker
C-ETH-3600-010624,194.80000000,50,2024-06-01 11:44:25.202923,taker
P-ETH-3780-010624,0.01000000,549,2024-06-01 11:45:03.121143,maker
C-ETH-3720-010624,72.10000000,124,2024-06-01 11:45:05.900237,taker
P-ETH-3720-010624,0.01000000,621,2024-06-01 11:46:45.480641,maker
P-ETH-3700-010624,0.01000000,100,2024-06-01 11:46:50.344601,maker
P-ETH-3700-010624,0.01000000,160,2024-06-01 11:46:50.344639,maker
C-ETH-3780-010624,11.40000000,100,2024-06-01 11:47:31.516793,maker
C-ETH-3800-020624,19.50000000,240,2024-06-01 11:47:32.840329,taker
C-ETH-3780-010624,11.30000000,100,2024-06-01 11:47:41.933903,maker
C-ETH-3800-010624,0.04000000,1400,2024-06-01 11:47:45.684827,maker
P-ETH-3800-020624,22.80000000,6,2024-06-01 11:47:59.509198,taker
C-ETH-3860-010624,0.01000000,400,2024-06-01 11:48:13.895572,maker
C-ETH-3860-010624,0.01000000,129,2024-06-01 11:48:31.603942,maker
C-ETH-3800-010624,0.03000000,10,2024-06-01 11:48:44.267891,maker
C-ETH-3780-010624,10.80000000,10,2024-06-01 11:49:08.108259,taker
C-ETH-3800-010624,0.03000000,90,2024-06-01 11:49:33.973353,maker
C-ETH-3800-010624,0.02000000,1577,2024-06-01 11:50:28.628476,maker
P-ETH-3780-010624,0.01000000,119,2024-06-01 11:50:33.923720,maker
C-ETH-3800-020624,18.80000000,1,2024-06-01 11:51:11.454657,taker
P-ETH-3700-010624,0.01000000,140,2024-06-01 11:51:15.951920,maker
C-ETH-3780-010624,10.60000000,22,2024-06-01 11:51:23.131503,maker
P-ETH-3520-010624,0.01000000,5400,2024-06-01 11:51:23.881367,maker
P-ETH-3780-010624,0.01000000,471,2024-06-01 11:51:23.912086,maker
C-ETH-3780-010624,10.60000000,200,2024-06-01 11:51:25.850481,maker
C-ETH-3780-010624,10.60000000,200,2024-06-01 11:51:32.901354,maker
C-ETH-3780-010624,10.70000000,200,2024-06-01 11:51:37.132505,maker
C-ETH-3800-010624,0.01000000,3676,2024-06-01 11:51:50.219522,maker
C-ETH-3780-010624,10.60000000,200,2024-06-01 11:51:50.704300,maker
C-ETH-3780-010624,10.60000000,200,2024-06-01 11:52:05.553310,maker
C-ETH-3800-010624,0.30000000,1,2024-06-01 11:52:31.404228,taker
C-ETH-3720-010624,69.50000000,124,2024-06-01 11:52:53.575782,maker
C-ETH-3800-020624,18.60000000,14,2024-06-01 11:52:55.647844,taker
C-ETH-3800-010624,0.01000000,72,2024-06-01 11:53:06.453337,maker
C-ETH-3820-010624,0.01000000,4,2024-06-01 11:53:06.455784,maker
C-ETH-3820-010624,0.01000000,230,2024-06-01 11:53:06.455898,maker
P-ETH-3520-010624,0.01000000,1,2024-06-01 11:53:20.801532,maker
C-ETH-3800-010624,0.01000000,200,2024-06-01 11:53:35.456110,maker
P-ETH-3520-010624,0.01000000,5300,2024-06-01 11:53:40.718125,maker
C-ETH-3820-010624,0.15000000,17,2024-06-01 11:53:40.809204,taker
P-ETH-3520-010624,0.01000000,15,2024-06-01 11:54:01.570121,maker
P-ETH-3800-020624,23.70000000,16,2024-06-01 11:54:04.932607,maker
C-ETH-4040-010624,0.01000000,1227,2024-06-01 11:55:08.496867,maker
C-ETH-4800-070624,2.00000000,1891,2024-06-01 11:55:09.048128,maker
C-ETH-4800-070624,2.00000000,779,2024-06-01 11:55:09.088368,taker
P-ETH-3600-030624,3.10000000,900,2024-06-01 11:55:36.767437,taker
P-ETH-3600-030624,3.10000000,100,2024-06-01 11:55:43.816508,taker
P-ETH-3600-030624,3.10000000,100,2024-06-01 11:55:46.679803,taker
C-ETH-4000-020624,0.30000000,98,2024-06-01 11:56:09.995640,taker
P-ETH-3600-030624,3.10000000,100,2024-06-01 11:56:14.692275,taker
P-ETH-3640-030624,4.20000000,19,2024-06-01 11:56:15.520214,maker
P-ETH-3520-010624,0.01000000,10000,2024-06-01 11:56:15.809208,maker
P-ETH-3600-030624,3.10000000,100,2024-06-01 11:56:18.007540,taker
C-ETH-3960-010624,0.01000000,1000,2024-06-01 11:56:34.414019,maker
C-ETH-3960-010624,0.01000000,1000,2024-06-01 11:56:39.717135,maker
C-ETH-3960-010624,0.01000000,300,2024-06-01 11:56:55.265490,maker
P-ETH-3820-010624,30.30000000,1,2024-06-01 11:56:56.675234,taker
C-ETH-3840-010624,0.01000000,1951,2024-06-01 11:57:05.229024,maker
P-ETH-3800-010624,10.10000000,2,2024-06-01 11:57:10.605199,taker
C-ETH-4040-010624,0.01000000,7500,2024-06-01 11:57:18.865403,maker
P-ETH-3780-010624,0.01000000,1,2024-06-01 11:57:28.171649,maker
P-ETH-3600-030624,3.10000000,1,2024-06-01 11:58:15.764964,taker
P-ETH-3520-010624,0.01000000,5000,2024-06-01 11:58:18.160302,maker
P-ETH-3800-010624,10.10000000,192,2024-06-01 11:58:18.551965,taker
P-ETH-3520-010624,0.01000000,100,2024-06-01 11:58:22.090182,maker
P-ETH-3520-010624,0.01000000,3604,2024-06-01 11:58:23.341091,maker
P-ETH-3520-010624,0.01000000,1396,2024-06-01 11:58:23.607367,taker
C-ETH-4040-010624,0.01000000,5000,2024-06-01 11:58:38.011932,maker
C-ETH-4040-010624,0.01000000,200,2024-06-01 11:58:57.444849,maker
P-ETH-3560-010624,0.01000000,475,2024-06-01 11:58:58.580723,maker
C-ETH-4040-010624,0.01000000,20,2024-06-01 11:59:05.501728,maker
P-ETH-3560-010624,0.01000000,65,2024-06-01 11:59:07.585318,maker
C-ETH-3820-010624,0.01000000,2454,2024-06-01 11:59:08.813217,maker
C-ETH-4040-010624,0.01000000,20,2024-06-01 11:59:11.389080,maker
C-ETH-3800-010624,0.01000000,1640,2024-06-01 11:59:14.311951,maker
C-ETH-4040-010624,0.01000000,20,2024-06-01 11:59:16.232500,maker
P-ETH-3780-010624,0.01000000,1070,2024-06-01 11:59:18.947387,maker
C-ETH-4040-010624,0.01000000,2,2024-06-01 11:59:25.137394,maker
C-ETH-3780-020624,26.60000000,100,2024-06-01 11:59:47.639919,taker
C-ETH-4040-010624,0.01000000,12900,2024-06-01 11:59:52.060684,maker
C-ETH-3800-010624,0.01000000,250,2024-06-01 11:59:56.255910,maker
P-ETH-3800-010624,9.10000000,100,2024-06-01 11:59:59.984695,maker
P-ETH-4000-010624,209.43482759,23,2024-06-01 12:00:00.029167,taker
C-ETH-3700-010624,90.56517241,232,2024-06-01 12:00:00.082626,taker
P-ETH-3900-010624,109.43482759,239,2024-06-01 12:00:00.090178,taker
C-ETH-3780-010624,10.56517241,17,2024-06-01 12:00:00.135532,taker
C-ETH-3560-010624,230.56517241,17,2024-06-01 12:00:00.154022,taker
C-ETH-3780-010624,10.56517241,1,2024-06-01 12:00:00.191139,taker
C-ETH-3780-010624,10.56517241,2200,2024-06-01 12:00:00.196787,taker
P-ETH-3800-010624,9.43482759,30,2024-06-01 12:00:00.251319,taker
C-ETH-3740-010624,50.56517241,50,2024-06-01 12:00:00.258414,taker
P-ETH-3800-010624,9.43482759,148,2024-06-01 12:00:00.274699,taker
C-ETH-3780-010624,10.56517241,500,2024-06-01 12:00:00.332913,taker
P-ETH-3800-010624,9.43482759,10,2024-06-01 12:00:00.346665,taker
P-ETH-3640-030624,2.10000000,50,2024-06-01 12:00:01.218785,maker
C-ETH-3760-010624,30.56517241,26,2024-06-01 12:00:10.973998,taker
C-ETH-3780-010624,10.56517241,68,2024-06-01 12:00:11.411495,taker
P-ETH-3780-020624,17.10000000,100,2024-06-01 12:00:38.268358,taker
C-ETH-3780-020624,26.10000000,114,2024-06-01 12:00:59.935593,taker
C-ETH-3780-020624,25.80000000,100,2024-06-01 12:01:02.923828,maker
P-ETH-3780-020624,17.30000000,100,2024-06-01 12:01:14.820533,taker
P-ETH-3780-020624,17.20000000,100,2024-06-01 12:01:47.616688,taker
C-ETH-3900-020624,0.90000000,1914,2024-06-01 12:01:59.635643,taker
C-ETH-3900-020624,0.90000000,1914,2024-06-01 12:01:59.694363,maker
C-ETH-3780-020624,26.70000000,100,2024-06-01 12:02:08.675742,taker
C-ETH-3760-020624,39.90000000,59,2024-06-01 12:02:21.144225,taker
C-ETH-3760-030624,65.10000000,5,2024-06-01 12:02:24.167336,taker
C-ETH-4400-070624,8.50000000,198,2024-06-01 12:02:42.388311,taker
C-ETH-3800-020624,17.10000000,765,2024-06-01 12:02:55.612729,taker
C-ETH-3800-020624,17.30000000,35,2024-06-01 12:03:08.051937,taker
C-ETH-3920-020624,0.70000000,4,2024-06-01 12:03:40.051758,taker
C-ETH-3920-020624,0.70000000,785,2024-06-01 12:03:40.051808,taker
P-ETH-3800-020624,27.40000000,16,2024-06-01 12:03:54.804676,taker
C-ETH-4040-030624,3.00000000,200,2024-06-01 12:04:04.452255,taker
P-ETH-3780-020624,13.70000000,30,2024-06-01 12:04:33.967863,maker
P-ETH-3780-020624,12.40000000,1,2024-06-01 12:05:59.002621,maker
C-ETH-4400-070624,9.00000000,127,2024-06-01 12:06:29.203846,taker
P-ETH-3150-070624,3.40000000,127,2024-06-01 12:06:42.243618,taker
P-ETH-3700-020624,0.70000000,200,2024-06-01 12:06:44.851490,maker
P-ETH-3780-020624,15.00000000,6,2024-06-01 12:06:48.681074,taker
C-ETH-3800-020624,20.00000000,211,2024-06-01 12:07:21.030583,maker
C-ETH-3840-020624,6.75000000,80,2024-06-01 12:09:42.136865,maker
P-ETH-3780-030624,41.60000000,18,2024-06-01 12:10:58.151565,taker
P-ETH-3800-020624,22.80000000,72,2024-06-01 12:11:22.923792,maker
C-ETH-3800-020624,17.00000000,50,2024-06-01 12:11:45.813165,maker
P-ETH-3760-020624,8.90000000,72,2024-06-01 12:12:08.303653,taker
C-ETH-3800-020624,17.00000000,60,2024-06-01 12:12:26.984532,maker
P-ETH-3760-020624,6.60000000,1,2024-06-01 12:13:05.219622,maker
P-ETH-3780-020624,13.00000000,1,2024-06-01 12:14:59.702192,taker
C-ETH-4040-030624,3.00000000,201,2024-06-01 12:15:56.967583,maker
P-ETH-3780-020624,13.80000000,159,2024-06-01 12:16:21.635948,maker
C-ETH-3780-020624,28.90000000,170,2024-06-01 12:17:26.595345,taker
C-ETH-3780-040624,71.30000000,3,2024-06-01 12:18:30.259780,maker
C-ETH-3800-020624,19.60000000,89,2024-06-01 12:19:29.256862,taker
P-ETH-3780-020624,12.20000000,100,2024-06-01 12:20:32.398464,maker
C-ETH-3800-020624,17.50000000,70,2024-06-01 12:21:11.999685,maker
P-ETH-3800-020624,21.80000000,70,2024-06-01 12:21:46.660451,maker
C-ETH-4000-030624,5.50000000,15,2024-06-01 12:22:04.424029,taker
C-ETH-3780-020624,28.50000000,114,2024-06-01 12:22:21.248032,maker
C-ETH-4000-020624,0.40000000,631,2024-06-01 12:23:00.560343,taker
P-ETH-3800-020624,25.40000000,116,2024-06-01 12:23:50.864360,taker
C-ETH-4000-030624,5.40000000,2,2024-06-01 12:24:35.303556,taker
P-ETH-3760-020624,6.50000000,100,2024-06-01 12:24:38.097736,maker
P-ETH-3760-020624,6.50000000,100,2024-06-01 12:24:54.013254,maker
C-ETH-3880-040624,33.30000000,1,2024-06-01 12:24:59.255466,maker
P-ETH-3800-020624,25.00000000,2,2024-06-01 12:25:14.676003,taker
P-ETH-3700-040624,24.70000000,1,2024-06-01 12:25:45.139770,maker
C-ETH-3900-020624,0.30000000,1,2024-06-01 12:26:21.352154,maker
P-ETH-3800-030624,48.40000000,147,2024-06-01 12:26:25.682196,maker
C-ETH-3840-020624,8.00000000,100,2024-06-01 12:26:39.884359,taker
P-ETH-3820-020624,32.90000000,50,2024-06-01 12:27:29.315453,maker
P-ETH-3780-030624,37.80000000,18,2024-06-01 12:27:32.656092,maker
C-ETH-3740-020624,63.20000000,6,2024-06-01 12:27:33.212013,taker
P-ETH-3800-020624,21.30000000,10,2024-06-01 12:28:03.699892,maker
C-ETH-3780-020624,33.10000000,8,2024-06-01 12:28:17.371797,taker
C-ETH-3800-020624,18.90000000,10,2024-06-01 12:28:33.523808,maker
C-ETH-3800-020624,18.70000000,5,2024-06-01 12:28:38.615287,maker
C-ETH-3960-030624,6.70000000,1000,2024-06-01 12:28:40.652762,maker
P-ETH-3760-020624,6.40000000,300,2024-06-01 12:29:05.280866,maker
P-ETH-3800-020624,21.50000000,2,2024-06-01 12:29:12.236936,maker
C-ETH-3860-020624,4.50000000,21,2024-06-01 12:29:17.203683,taker
P-ETH-3600-020624,0.01000000,1,2024-06-01 12:29:38.615435,maker
C-ETH-3760-020624,46.60000000,90,2024-06-01 12:29:45.263666,taker
P-ETH-3800-020624,21.20000000,50,2024-06-01 12:30:01.936917,maker
C-ETH-3800-020624,19.00000000,50,2024-06-01 12:30:02.066171,maker
P-ETH-3760-020624,6.30000000,300,2024-06-01 12:30:30.221195,maker
C-ETH-4000-030624,4.40000000,500,2024-06-01 12:31:04.204021,maker
C-ETH-3800-020624,19.00000000,128,2024-06-01 12:31:08.235281,maker
C-ETH-3780-020624,33.20000000,9,2024-06-01 12:31:34.244242,taker
C-ETH-4900-260724,128.00000000,5,2024-06-01 12:32:07.085016,taker
C-ETH-3820-020624,13.70000000,5,2024-06-01 12:32:23.343793,maker
C-ETH-5200-260724,87.90000000,10,2024-06-01 12:32:28.269502,maker
C-ETH-5000-280624,32.65000000,16,2024-06-01 12:33:21.351967,maker
C-ETH-3760-020624,42.40000000,59,2024-06-01 12:33:22.011869,maker
C-ETH-3800-020624,18.40000000,100,2024-06-01 12:33:52.705797,maker
C-ETH-3800-030624,46.00000000,20,2024-06-01 12:34:35.340565,taker
C-ETH-5200-260724,91.99000000,5,2024-06-01 12:35:06.015046,taker
C-ETH-3820-020624,12.00000000,50,2024-06-01 12:35:42.845941,maker
C-ETH-3780-020624,32.30000000,4,2024-06-01 12:36:05.803929,taker
P-ETH-3800-020624,22.10000000,10,2024-06-01 12:36:34.912023,maker
C-ETH-4000-030624,4.10000000,10,2024-06-01 12:36:36.695485,maker
P-ETH-3780-020624,13.00000000,50,2024-06-01 12:36:57.833979,maker
P-ETH-3800-040624,63.40000000,1,2024-06-01 12:37:03.170369,maker
P-ETH-3800-020624,22.10000000,6,2024-06-01 12:37:18.771717,maker
P-ETH-3780-020624,12.90000000,50,2024-06-01 12:38:10.437753,maker
P-ETH-3800-020624,22.00000000,35,2024-06-01 12:38:17.532120,maker
C-ETH-3800-020624,21.80000000,3,2024-06-01 12:38:44.410260,taker
C-ETH-3800-020624,22.20000000,210,2024-06-01 12:39:52.502081,taker
C-ETH-3800-020624,22.50000000,128,2024-06-01 12:40:36.323969,taker
P-ETH-3780-020624,12.50000000,5,2024-06-01 12:40:47.119252,maker
C-ETH-3800-020624,22.30000000,200,2024-06-01 12:40:54.961664,taker
C-ETH-3780-020624,33.40000000,500,2024-06-01 12:41:31.652709,taker
C-ETH-3820-020624,14.80000000,41,2024-06-01 12:42:08.839845,taker
C-ETH-3740-020624,64.60000000,5,2024-06-01 12:42:33.687602,taker
P-ETH-3800-040624,62.90000000,5,2024-06-01 12:42:41.621064,taker
C-ETH-3800-020624,19.50000000,84,2024-06-01 12:43:00.947254,maker
P-ETH-3800-020624,23.00000000,257,2024-06-01 12:44:02.823345,maker
C-ETH-3560-020624,246.20000000,6,2024-06-01 12:44:03.150804,taker
P-ETH-3800-020624,20.00000000,116,2024-06-01 12:45:05.557365,maker
C-ETH-3860-020624,4.80000000,3,2024-06-01 12:45:27.023452,maker
P-ETH-3820-020624,30.00000000,500,2024-06-01 12:45:52.577845,maker
P-ETH-3780-020624,12.00000000,100,2024-06-01 12:47:03.837901,maker
P-ETH-3800-020624,20.00000000,180,2024-06-01 12:47:03.862948,maker
P-ETH-3800-020624,19.92000000,20,2024-06-01 12:47:03.863011,maker
P-ETH-3800-070624,104.60000000,8,2024-06-01 12:47:17.685163,maker
C-ETH-5200-280624,25.00000000,1473,2024-06-01 12:47:57.641365,taker
C-ETH-5200-280624,25.00000000,1473,2024-06-01 12:47:57.911500,taker
C-ETH-4500-260724,204.00000000,100,2024-06-01 12:48:07.873232,maker
P-ETH-3600-020624,0.30000000,100,2024-06-01 12:48:10.963565,taker
C-ETH-4000-070624,46.50000000,100,2024-06-01 12:48:27.487720,maker
C-ETH-3740-020624,64.30000000,11,2024-06-01 12:51:33.532869,maker
C-ETH-3840-030624,34.10000000,19,2024-06-01 12:51:53.599661,taker
P-ETH-3900-020624,100.70000000,10,2024-06-01 12:52:23.635882,taker
C-ETH-3780-020624,32.20000000,202,2024-06-01 12:52:47.103365,maker
C-ETH-3800-020624,24.10000000,1410,2024-06-01 12:53:09.827789,taker
C-ETH-3800-020624,28.15000000,161,2024-06-01 12:53:09.828741,taker
P-ETH-3820-020624,29.80000000,500,2024-06-01 12:53:14.051115,maker
P-ETH-3740-030624,20.20000000,2,2024-06-01 12:53:42.369978,taker
P-ETH-3800-020624,20.00000000,615,2024-06-01 12:55:07.467687,taker
P-ETH-3700-020624,1.40000000,200,2024-06-01 12:55:16.467654,taker
C-ETH-4040-030624,3.00000000,1,2024-06-01 12:55:23.543857,maker
C-ETH-3920-030624,10.90000000,26,2024-06-01 12:55:39.950656,maker
P-ETH-3640-030624,3.50000000,1,2024-06-01 12:56:35.875902,maker
P-ETH-3100-260724,99.10000000,10,2024-06-01 12:56:49.652680,taker
C-ETH-5200-260724,91.99000000,10,2024-06-01 12:57:06.745570,taker
P-ETH-3780-020624,14.40000000,1,2024-06-01 12:57:09.979107,taker
P-ETH-3600-070624,35.70000000,50,2024-06-01 12:57:41.929605,taker
C-ETH-3820-020624,14.00000000,2,2024-06-01 12:57:47.227312,taker
P-ETH-3600-070624,33.40000000,50,2024-06-01 12:58:07.478486,maker
C-ETH-5200-260724,87.90000000,10,2024-06-01 12:58:17.735178,maker
P-ETH-2800-070624,0.01000000,100,2024-06-01 12:58:17.740058,maker
C-ETH-4800-070624,1.90000000,50,2024-06-01 12:58:17.744446,maker
P-ETH-3100-260724,90.90000000,10,2024-06-01 12:58:17.752798,maker
P-ETH-2700-070624,0.50000000,500,2024-06-01 12:59:32.180927,taker
C-ETH-3760-020624,44.90000000,213,2024-06-01 13:00:23.993593,taker
C-ETH-3800-030624,48.50000000,392,2024-06-01 13:00:37.667755,taker
P-ETH-3680-030624,8.20000000,35,2024-06-01 13:00:38.116886,taker
C-ETH-3800-030624,49.20000000,10,2024-06-01 13:01:06.868733,taker
P-ETH-3800-020624,19.70000000,20,2024-06-01 13:01:10.484955,maker
C-ETH-3920-030624,11.40000000,35,2024-06-01 13:02:54.909631,maker
P-ETH-2700-070624,0.50000000,500,2024-06-01 13:03:19.118243,taker
P-ETH-3680-020624,0.90000000,100,2024-06-01 13:03:22.263851,taker
C-ETH-3800-020624,24.60000000,79,2024-06-01 13:04:38.947319,taker
P-ETH-3640-030624,3.60000000,500,2024-06-01 13:05:08.157469,maker
C-ETH-3780-020624,30.30000000,8,2024-06-01 13:06:15.587523,maker
C-ETH-3860-020624,2.80000000,3,2024-06-01 13:06:15.803837,maker
P-ETH-3800-020624,23.50000000,10,2024-06-01 13:07:34.555823,taker
P-ETH-3780-020624,14.00000000,100,2024-06-01 13:08:28.660094,taker
C-ETH-3800-020624,26.40000000,38,2024-06-01 13:09:41.483876,taker
P-ETH-3600-020624,0.30000000,1,2024-06-01 13:10:28.676355,taker
P-ETH-3700-020624,0.80000000,1,2024-06-01 13:11:21.760707,maker
P-ETH-3820-020624,34.10000000,2,2024-06-01 13:13:46.216362,taker
P-ETH-3780-020624,14.00000000,1,2024-06-01 13:13:50.027864,taker
P-ETH-3840-020624,44.00000000,32,2024-06-01 13:15:57.691476,maker
C-ETH-3800-020624,21.00000000,66,2024-06-01 13:17:47.832739,maker
P-ETH-3760-020624,7.70000000,12,2024-06-01 13:19:18.240317,taker
P-ETH-3800-020624,21.60000000,122,2024-06-01 13:19:40.579453,taker
P-ETH-3840-020624,42.90000000,295,2024-06-01 13:19:48.803945,maker
C-ETH-4800-070624,2.10000000,500,2024-06-01 13:20:15.474254,taker
P-ETH-3840-020624,43.60000000,6,2024-06-01 13:21:13.128399,maker
P-ETH-3800-020624,19.00000000,19,2024-06-01 13:22:00.548499,maker
C-ETH-3800-020624,24.30000000,11,2024-06-01 13:22:04.595316,taker
C-ETH-3760-020624,51.90000000,1,2024-06-01 13:27:44.743492,taker
C-ETH-3820-020624,16.10000000,1,2024-06-01 13:29:02.551555,taker
C-ETH-3800-020624,25.60000000,1,2024-06-01 13:31:24.908677,taker
P-ETH-3820-020624,27.90000000,1,2024-06-01 13:33:51.911792,maker
C-ETH-3800-020624,25.00000000,1,2024-06-01 13:34:26.715911,maker
C-ETH-3800-020624,26.90000000,60,2024-06-01 13:35:44.052080,taker
C-ETH-3820-020624,18.00000000,2,2024-06-01 13:36:26.256346,taker
C-ETH-3720-020624,91.20000000,2,2024-06-01 13:36:26.388030,taker
P-ETH-3800-020624,16.00000000,19,2024-06-01 13:36:41.945516,maker
P-ETH-3800-040624,58.50000000,5,2024-06-01 13:37:12.392875,maker
C-ETH-3880-020624,3.50000000,100,2024-06-01 13:37:53.876673,taker
C-ETH-5200-280624,25.00000000,1453,2024-06-01 13:38:27.490706,taker
C-ETH-5200-280624,25.00000000,915,2024-06-01 13:38:27.845519,taker
C-ETH-4000-020624,0.40000000,31,2024-06-01 13:39:40.155925,taker
C-ETH-4000-020624,0.40000000,2,2024-06-01 13:39:46.799217,taker
P-ETH-3820-020624,28.50000000,100,2024-06-01 13:40:25.338123,maker
P-ETH-3780-030624,33.60000000,30,2024-06-01 13:40:41.780926,taker
P-ETH-3780-020624,10.70000000,159,2024-06-01 13:41:17.473459,taker
C-ETH-3760-020624,52.00000000,31,2024-06-01 13:43:26.583655,maker
C-ETH-3760-020624,50.40000000,59,2024-06-01 13:43:26.583736,maker
C-ETH-3780-020624,34.50000000,50,2024-06-01 13:43:42.837084,maker
P-ETH-3720-020624,1.80000000,5,2024-06-01 13:44:03.587670,taker
C-ETH-3860-030624,24.90000000,50,2024-06-01 13:44:46.527574,taker
C-ETH-5200-260724,91.99000000,85,2024-06-01 13:46:15.884740,taker
C-ETH-5200-260724,92.00000000,500,2024-06-01 13:46:15.884793,taker
C-ETH-4000-070624,47.50000000,10,2024-06-01 13:48:59.168609,maker
P-ETH-3780-030624,33.00000000,35,2024-06-01 13:49:13.444424,maker
P-ETH-3780-020624,10.75000000,139,2024-06-01 13:49:13.467932,maker
C-ETH-3800-020624,28.70000000,66,2024-06-01 13:49:34.775651,taker
C-ETH-3800-070624,119.50000000,4,2024-06-01 13:50:02.351816,taker
C-ETH-3920-020624,1.30000000,1000,2024-06-01 13:50:36.363675,taker
C-ETH-3780-020624,39.50000000,4,2024-06-01 13:50:40.455853,taker
C-ETH-5200-280624,28.80000000,2,2024-06-01 13:51:04.395961,taker
C-ETH-3780-020624,39.50000000,2,2024-06-01 13:51:12.245327,maker
P-ETH-3740-030624,18.60000000,200,2024-06-01 13:52:10.271818,maker
C-ETH-3800-020624,25.00000000,5,2024-06-01 13:52:48.984915,maker
C-ETH-3800-020624,25.00000000,237,2024-06-01 13:52:48.985045,maker
C-ETH-3800-020624,28.30000000,89,2024-06-01 13:54:22.567289,taker
C-ETH-4000-020624,0.50000000,14,2024-06-01 13:54:34.507715,taker
C-ETH-3820-020624,18.50000000,36,2024-06-01 13:54:38.540392,taker
C-ETH-3800-020624,28.40000000,10,2024-06-01 13:54:40.336087,taker
C-ETH-3800-020624,28.40000000,8,2024-06-01 13:54:41.460169,taker
C-ETH-3820-020624,15.50000000,25,2024-06-01 13:54:42.164169,maker
C-ETH-4000-020624,0.10000000,14,2024-06-01 13:56:21.371269,maker
P-ETH-3800-070624,100.60000000,1,2024-06-01 13:57:10.888996,maker
C-ETH-3800-020624,24.28000000,2,2024-06-01 13:57:45.108888,maker
C-ETH-3800-020624,23.00000000,6,2024-06-01 13:57:45.108954,maker
P-ETH-3800-040624,59.70000000,5,2024-06-01 13:58:27.940320,taker
P-ETH-3900-020624,98.80000000,25,2024-06-01 13:58:59.231697,taker
C-ETH-4000-040624,15.20000000,10,2024-06-01 13:59:00.241198,maker
C-ETH-3820-020624,13.20000000,36,2024-06-01 13:59:05.695605,maker
C-ETH-3800-020624,22.50000000,89,2024-06-01 13:59:09.967193,maker
P-ETH-3780-020624,13.00000000,30,2024-06-01 13:59:36.224521,taker
C-ETH-4000-040624,14.70000000,800,2024-06-01 14:00:52.591841,maker
C-ETH-3800-020624,22.10000000,10,2024-06-01 14:01:05.251718,maker
C-ETH-3900-020624,2.20000000,1000,2024-06-01 14:01:11.349352,taker
C-ETH-3800-020624,21.00000000,3,2024-06-01 14:02:13.488903,maker
C-ETH-5200-280624,24.40000000,2,2024-06-01 14:02:25.605551,maker
C-ETH-3780-020624,34.00000000,50,2024-06-01 14:02:33.362991,maker
P-ETH-3740-030624,22.80000000,2,2024-06-01 14:02:41.144429,taker
C-ETH-3800-020624,21.00000000,31,2024-06-01 14:02:49.428603,maker
C-ETH-3800-020624,19.40000000,207,2024-06-01 14:02:49.428652,maker
C-ETH-3760-020624,45.20000000,31,2024-06-01 14:04:16.151130,maker
P-ETH-3780-020624,13.00000000,25,2024-06-01 14:04:28.620200,taker
C-ETH-3820-020624,14.80000000,25,2024-06-01 14:04:30.640237,taker
C-ETH-3800-020624,23.00000000,100,2024-06-01 14:07:12.629163,taker
P-ETH-3780-020624,10.00000000,100,2024-06-01 14:07:45.136510,maker
C-ETH-3840-020624,10.40000000,50,2024-06-01 14:08:33.051843,taker
P-ETH-3780-020624,9.50000000,536,2024-06-01 14:09:06.592774,taker
P-ETH-3760-020624,6.70000000,2,2024-06-01 14:09:24.032400,taker
C-ETH-3800-020624,26.30000000,4,2024-06-01 14:09:30.981573,taker
C-ETH-3800-070624,112.40000000,50,2024-06-01 14:15:17.329126,maker
C-ETH-3920-020624,1.40000000,37,2024-06-01 14:15:30.064448,taker
C-ETH-3800-020624,22.10000000,3,2024-06-01 14:15:30.968735,maker
P-ETH-3780-020624,10.30000000,25,2024-06-01 14:15:31.552399,maker
C-ETH-3920-020624,1.40000000,2,2024-06-01 14:15:44.363781,taker
C-ETH-3800-040624,66.30000000,50,2024-06-01 14:17:20.295760,maker
C-ETH-4500-070624,5.20000000,1000,2024-06-01 14:17:45.857493,maker
C-ETH-4000-020624,0.40000000,327,2024-06-01 14:18:08.767613,taker
C-ETH-3780-020624,35.00000000,100,2024-06-01 14:19:30.545617,taker
C-ETH-5000-260724,113.40000000,20,2024-06-01 14:19:37.297464,maker
P-ETH-3760-030624,25.50000000,15,2024-06-01 14:21:36.744960,maker
C-ETH-3800-020624,25.90000000,636,2024-06-01 14:22:39.396116,taker
C-ETH-3800-020624,26.70000000,1,2024-06-01 14:23:34.243774,taker
P-ETH-3800-030624,40.90000000,11,2024-06-01 14:24:33.632539,maker
C-ETH-3780-020624,37.00000000,100,2024-06-01 14:25:04.203443,taker
C-ETH-3840-030624,35.50000000,12,2024-06-01 14:25:32.808112,taker
P-ETH-3800-030624,42.70000000,58,2024-06-01 14:26:17.161300,taker
C-ETH-3840-020624,11.20000000,93,2024-06-01 14:27:23.740182,taker
C-ETH-3840-020624,11.30000000,6,2024-06-01 14:27:33.240275,taker
C-ETH-3840-020624,11.40000000,1,2024-06-01 14:28:15.760456,taker
P-ETH-3800-020624,15.50000000,122,2024-06-01 14:28:28.379898,maker
P-ETH-3800-020624,18.60000000,6,2024-06-01 14:29:11.431680,taker
C-ETH-3800-020624,28.10000000,20,2024-06-01 14:29:18.467336,taker
C-ETH-3820-020624,18.60000000,11,2024-06-01 14:32:26.907864,taker
C-ETH-3780-020624,40.00000000,47,2024-06-01 14:33:02.785007,taker
P-ETH-3700-020624,0.80000000,99,2024-06-01 14:33:38.520623,maker
C-ETH-4600-070624,4.10000000,100,2024-06-01 14:33:40.282056,taker
C-ETH-3780-020624,40.00000000,153,2024-06-01 14:33:40.328759,taker
C-ETH-5200-260724,93.90000000,1,2024-06-01 14:33:40.343452,taker
P-ETH-3800-070624,100.30000000,10,2024-06-01 14:33:53.221986,maker
C-ETH-3800-020624,30.00000000,84,2024-06-01 14:34:01.783855,taker
C-ETH-3880-020624,4.90000000,3,2024-06-01 14:34:01.900611,taker
P-ETH-3800-030624,38.00000000,58,2024-06-01 14:34:21.459787,maker
P-ETH-3900-020624,85.90000000,25,2024-06-01 14:34:25.880910,maker
P-ETH-3800-020624,14.00000000,6,2024-06-01 14:34:26.471592,maker
P-ETH-3800-020624,14.00000000,290,2024-06-01 14:34:28.378597,taker
C-ETH-3800-020624,30.00000000,1,2024-06-01 14:34:29.840132,taker
C-ETH-4900-260724,128.00000000,495,2024-06-01 14:34:43.211013,taker
C-ETH-3900-020624,3.10000000,439,2024-06-01 14:34:43.311904,taker
P-ETH-3820-020624,25.75000000,204,2024-06-01 14:34:46.723066,maker
P-ETH-3820-020624,25.00000000,2,2024-06-01 14:34:47.108029,maker
C-ETH-3780-020624,41.20000000,170,2024-06-01 14:34:55.647503,maker
C-ETH-5100-260724,104.90000000,10,2024-06-01 14:35:04.168990,taker
C-ETH-3820-020624,20.70000000,150,2024-06-01 14:35:05.106351,maker
P-ETH-3820-020624,25.00000000,100,2024-06-01 14:35:51.891916,maker
C-ETH-3780-020624,41.20000000,6,2024-06-01 14:37:16.936173,maker
C-ETH-3800-020624,28.60000000,20,2024-06-01 14:38:14.415854,maker
C-ETH-3780-020624,38.50000000,47,2024-06-01 14:39:38.325191,maker
C-ETH-3780-020624,39.70000000,6,2024-06-01 14:40:16.591884,maker
P-ETH-3820-020624,25.00000000,8,2024-06-01 14:42:53.172608,maker
C-ETH-3820-020624,18.00000000,207,2024-06-01 14:43:13.823925,maker
P-ETH-3800-020624,15.80000000,161,2024-06-01 14:46:45.652063,maker
P-ETH-3820-020624,29.50000000,101,2024-06-01 14:48:21.767777,taker
P-ETH-3820-020624,29.50000000,22,2024-06-01 14:49:58.454315,maker
C-ETH-3900-020624,0.90000000,439,2024-06-01 14:50:03.967335,maker
C-ETH-3780-020624,37.50000000,120,2024-06-01 14:53:19.888792,taker
C-ETH-3820-020624,18.10000000,6,2024-06-01 14:53:20.711989,taker
P-ETH-3820-020624,26.50000000,1,2024-06-01 14:53:58.643219,taker
C-ETH-3840-020624,7.30000000,100,2024-06-01 14:54:03.100477,maker
P-ETH-3800-020624,17.60000000,1500,2024-06-01 14:57:06.088611,taker
C-ETH-3860-020624,4.70000000,100,2024-06-01 14:57:17.831873,maker
P-ETH-3640-040624,10.90000000,500,2024-06-01 14:57:29.500025,maker
C-ETH-3820-020624,18.60000000,99,2024-06-01 15:00:56.510367,maker
C-ETH-3900-020624,2.40000000,15,2024-06-01 15:01:19.083882,taker
P-ETH-3760-020624,3.20000000,2,2024-06-01 15:02:40.339914,maker
P-ETH-3960-020624,146.00000000,214,2024-06-01 15:03:47.154934,taker
P-ETH-3700-020624,0.70000000,35,2024-06-01 15:04:33.585717,taker
C-ETH-3820-020624,15.00000000,207,2024-06-01 15:06:36.088671,taker
C-ETH-3820-020624,15.30000000,6,2024-06-01 15:06:51.004404,maker
P-ETH-3760-030624,25.00000000,15,2024-06-01 15:07:40.443376,taker
C-ETH-3900-020624,2.20000000,1,2024-06-01 15:11:25.483870,taker
C-ETH-3800-020624,26.10000000,1,2024-06-01 15:12:58.589230,taker
C-ETH-3800-020624,22.90000000,1000,2024-06-01 15:13:12.292243,maker
C-ETH-3800-020624,25.40000000,29,2024-06-01 15:13:25.524528,taker
C-ETH-3800-020624,22.10000000,29,2024-06-01 15:14:05.075664,maker
C-ETH-3960-020624,0.50000000,1200,2024-06-01 15:14:17.989116,taker
C-ETH-3800-020624,22.00000000,16,2024-06-01 15:14:21.007770,maker
C-ETH-3800-020624,21.40000000,5,2024-06-01 15:18:28.748021,maker
C-ETH-3800-020624,29.20000000,16,2024-06-01 15:22:21.529566,taker
P-ETH-3780-020624,9.00000000,100,2024-06-01 15:22:23.529911,maker
C-ETH-3800-020624,29.80000000,15,2024-06-01 15:22:36.234192,taker
C-ETH-3780-020624,40.00000000,100,2024-06-01 15:22:41.878387,taker
C-ETH-3900-020624,1.20000000,500,2024-06-01 15:22:42.338411,maker
C-ETH-3900-020624,2.30000000,500,2024-06-01 15:23:53.049170,taker
C-ETH-3900-020624,2.30000000,500,2024-06-01 15:24:10.630235,taker
C-ETH-3800-020624,25.20000000,1,2024-06-01 15:24:45.412444,maker
C-ETH-3800-020624,25.40000000,100,2024-06-01 15:30:42.043850,maker
P-ETH-3820-020624,23.10000000,100,2024-06-01 15:31:46.271932,maker
C-ETH-3780-020624,38.90000000,10,2024-06-01 15:32:41.643924,maker
P-ETH-3780-020624,8.90000000,3,2024-06-01 15:32:52.681027,maker
C-ETH-3900-020624,0.80000000,15,2024-06-01 15:32:56.783141,maker
C-ETH-3900-020624,2.30000000,196,2024-06-01 15:33:20.104302,taker
C-ETH-3900-020624,2.30000000,10,2024-06-01 15:33:28.892157,taker
P-ETH-3760-020624,3.10000000,2,2024-06-01 15:33:29.464680,maker
P-ETH-3700-020624,0.60000000,5,2024-06-01 15:33:29.466195,maker
P-ETH-3780-020624,8.50000000,6,2024-06-01 15:33:29.469506,maker
P-ETH-3700-070624,56.30000000,16,2024-06-01 15:33:29.472144,maker
P-ETH-3820-020624,23.30000000,6,2024-06-01 15:34:01.909468,taker
C-ETH-3820-030624,43.40000000,20,2024-06-01 15:34:28.696349,taker
P-ETH-3820-020624,23.40000000,1,2024-06-01 15:35:06.076911,maker
C-ETH-3820-020624,17.80000000,2,2024-06-01 15:35:06.955725,taker
C-ETH-3860-020624,6.10000000,1,2024-06-01 15:36:01.560015,taker
P-ETH-3820-020624,24.00000000,2,2024-06-01 15:36:20.701950,taker
C-ETH-3840-030624,32.50000000,12,2024-06-01 15:39:45.424566,maker
C-ETH-3800-020624,27.35000000,8,2024-06-01 15:41:54.640626,taker
C-ETH-3800-020624,27.70000000,3,2024-06-01 15:41:54.640696,taker
C-ETH-3780-020624,36.90000000,81,2024-06-01 15:43:44.408020,maker
C-ETH-4040-030624,4.30000000,100,2024-06-01 15:44:55.608495,taker
C-ETH-4000-040624,13.60000000,1,2024-06-01 15:48:48.408175,maker
P-ETH-3640-040624,10.30000000,1,2024-06-01 15:49:12.887627,maker
C-ETH-3800-020624,21.70000000,15,2024-06-01 15:49:45.548988,maker
P-ETH-3820-020624,28.40000000,1,2024-06-01 15:49:49.496669,taker
C-ETH-3800-020624,21.90000000,6,2024-06-01 15:50:14.368260,maker
C-ETH-3800-030624,50.30000000,20,2024-06-01 15:51:47.758738,maker
C-ETH-3800-020624,25.00000000,6,2024-06-01 15:53:32.372692,taker
C-ETH-3800-020624,21.30000000,1571,2024-06-01 15:55:01.380004,maker
P-ETH-3800-020624,16.00000000,3,2024-06-01 15:55:56.657072,taker
P-ETH-3820-020624,29.50000000,100,2024-06-01 15:56:30.244372,taker
C-ETH-3840-030624,28.60000000,19,2024-06-01 15:56:49.868171,maker
C-ETH-3840-020624,7.40000000,1515,2024-06-01 15:57:07.290402,maker
P-ETH-3800-020624,17.00000000,6,2024-06-01 15:57:11.759188,taker
C-ETH-3800-020624,19.10000000,1,2024-06-01 15:57:12.207657,maker
P-ETH-3800-070624,105.90000000,20,2024-06-01 15:57:52.543849,taker
C-ETH-3800-020624,18.90000000,30,2024-06-01 15:57:54.651572,maker
C-ETH-3780-020624,33.30000000,10,2024-06-01 15:57:55.688708,taker
C-ETH-3900-020624,1.40000000,1,2024-06-01 15:58:16.903392,taker
P-ETH-3700-020624,0.70000000,1,2024-06-01 15:58:21.072523,taker
C-ETH-3820-020624,10.30000000,43,2024-06-01 15:58:32.668187,maker
P-ETH-3820-020624,30.00000000,8,2024-06-01 15:58:46.197115,taker
C-ETH-3800-020624,19.00000000,11,2024-06-01 15:58:56.395606,taker
C-ETH-3800-020624,20.00000000,4,2024-06-01 15:58:56.395654,taker
C-ETH-3800-020624,20.80000000,85,2024-06-01 15:58:56.395669,taker
P-ETH-3820-020624,30.00000000,6,2024-06-01 15:58:58.212367,taker
P-ETH-3780-020624,11.80000000,150,2024-06-01 15:59:05.023466,taker
P-ETH-3700-020624,0.70000000,96,2024-06-01 15:59:08.232413,taker
C-ETH-3780-020624,29.80000000,40,2024-06-01 15:59:16.464149,maker
C-ETH-3800-020624,17.80000000,1,2024-06-01 15:59:33.260414,maker
C-ETH-3820-020624,12.90000000,1,2024-06-01 16:00:51.544936,maker
C-ETH-3820-020624,12.90000000,1,2024-06-01 16:00:51.544985,maker
P-ETH-3700-020624,0.60000000,95,2024-06-01 16:00:52.624142,maker
P-ETH-3700-020624,0.40000000,1,2024-06-01 16:00:52.624200,maker
C-ETH-3820-020624,13.40000000,3,2024-06-01 16:01:34.496594,taker
C-ETH-4040-030624,1.80000000,100,2024-06-01 16:01:41.955822,maker
C-ETH-3780-030624,58.70000000,9,2024-06-01 16:02:28.056411,taker
C-ETH-3800-020624,23.20000000,10,2024-06-01 16:03:09.542000,taker
C-ETH-3860-020624,2.80000000,6,2024-06-01 16:04:14.680376,maker
P-ETH-3760-020624,4.00000000,6,2024-06-01 16:04:22.940364,maker
P-ETH-3820-020624,29.55000000,13,2024-06-01 16:05:53.232392,taker
P-ETH-3800-020624,18.10000000,15,2024-06-01 16:06:42.910351,maker
C-ETH-3800-020624,24.20000000,9,2024-06-01 16:07:21.867846,taker
P-ETH-3780-020624,8.50000000,30,2024-06-01 16:07:22.358182,maker
P-ETH-3780-020624,8.50000000,30,2024-06-01 16:07:28.897378,maker
P-ETH-3780-020624,10.10000000,35,2024-06-01 16:09:26.843598,taker
P-ETH-3800-030624,39.00000000,50,2024-06-01 16:09:32.579935,taker
C-ETH-3800-020624,23.20000000,15,2024-06-01 16:11:06.979782,taker
C-ETH-3800-020624,18.90000000,15,2024-06-01 16:14:16.488095,maker
C-ETH-3900-020624,1.40000000,1,2024-06-01 16:14:40.883688,taker
C-ETH-3800-020624,17.30000000,9,2024-06-01 16:16:56.056506,maker
P-ETH-3820-020624,30.55000000,177,2024-06-01 16:17:11.171857,taker
P-ETH-3680-020624,0.60000000,886,2024-06-01 16:17:40.744123,taker
C-ETH-3840-020624,6.60000000,343,2024-06-01 16:17:44.482465,taker
C-ETH-3840-020624,9.47000000,657,2024-06-01 16:17:44.483258,taker
P-ETH-3800-030624,42.70000000,12,2024-06-01 16:18:16.468461,taker
P-ETH-3820-020624,30.80000000,1,2024-06-01 16:18:40.215194,taker
P-ETH-3680-020624,0.60000000,561,2024-06-01 16:18:43.622138,taker
P-ETH-3960-020624,166.40000000,214,2024-06-01 16:18:51.462396,taker
P-ETH-3800-040624,60.57000000,1,2024-06-01 16:19:22.214446,taker
C-ETH-3820-020624,8.30000000,3,2024-06-01 16:19:23.215893,maker
P-ETH-3780-020624,10.00000000,1,2024-06-01 16:20:27.348083,maker
P-ETH-3840-020624,48.40000000,89,2024-06-01 16:24:31.836600,taker
P-ETH-3780-020624,11.50000000,1,2024-06-01 16:24:59.800442,taker
P-ETH-3780-020624,8.50000000,10,2024-06-01 16:29:14.262467,maker
P-ETH-3840-020624,39.90000000,5,2024-06-01 16:29:18.531916,maker
P-ETH-3780-020624,8.50000000,10,2024-06-01 16:29:18.817025,maker
P-ETH-3780-020624,8.50000000,10,2024-06-01 16:29:23.733724,maker
C-ETH-3800-020624,23.40000000,10,2024-06-01 16:29:31.588067,taker
P-ETH-3780-020624,8.50000000,1,2024-06-01 16:29:46.613533,maker
P-ETH-3780-020624,8.50000000,2,2024-06-01 16:30:01.858459,maker
P-ETH-3780-020624,8.50000000,1,2024-06-01 16:30:14.817597,maker
P-ETH-3640-030624,3.00000000,110,2024-06-01 16:30:41.635297,maker
C-ETH-3800-020624,20.80000000,1,2024-06-01 16:31:08.771881,maker
P-ETH-3760-020624,3.40000000,5,2024-06-01 16:31:13.181412,maker
P-ETH-3820-020624,25.70000000,1,2024-06-01 16:31:14.096276,maker
P-ETH-3840-020624,43.10000000,5,2024-06-01 16:31:25.929173,taker
C-ETH-3820-020624,13.50000000,1,2024-06-01 16:32:09.406387,maker
P-ETH-3820-020624,31.70000000,1,2024-06-01 16:33:08.428108,taker
P-ETH-3800-030624,41.90000000,147,2024-06-01 16:33:30.360531,taker
C-ETH-3800-020624,17.70000000,100,2024-06-01 16:34:54.331868,maker
C-ETH-3800-020624,18.00000000,1,2024-06-01 16:35:30.320490,maker
P-ETH-3780-020624,10.70000000,75,2024-06-01 16:36:26.872665,taker
P-ETH-3780-020624,10.70000000,4,2024-06-01 16:36:30.456583,taker
C-ETH-3800-020624,19.90000000,1,2024-06-01 16:39:26.313631,taker
P-ETH-3800-020624,18.90000000,10,2024-06-01 16:41:02.691984,taker
P-ETH-3800-020624,17.20000000,1,2024-06-01 16:44:23.089556,taker
C-ETH-3920-020624,0.70000000,13,2024-06-01 16:45:14.279918,taker
C-ETH-3920-020624,0.01000000,13,2024-06-01 16:46:44.959905,maker
P-ETH-3800-020624,20.40000000,50,2024-06-01 16:46:59.616440,taker
P-ETH-3820-020624,30.00000000,1,2024-06-01 16:50:05.572795,maker
C-ETH-4000-030624,2.00000000,17,2024-06-01 16:50:34.293273,maker
C-ETH-4040-030624,2.00000000,201,2024-06-01 16:50:34.295323,taker
P-ETH-3820-020624,30.00000000,13,2024-06-01 16:50:34.501428,maker
C-ETH-3820-020624,11.00000000,50,2024-06-01 16:51:04.537335,taker
C-ETH-3800-020624,16.30000000,10,2024-06-01 16:51:07.811870,maker
C-ETH-3840-030624,26.50000000,1000,2024-06-01 16:52:22.723215,taker
P-ETH-3800-020624,19.80000000,1,2024-06-01 16:52:59.407849,taker
C-ETH-3960-030624,3.80000000,100,2024-06-01 16:54:04.278280,maker
C-ETH-4000-030624,3.10000000,100,2024-06-01 16:54:04.278705,taker
P-ETH-3820-020624,30.00000000,123,2024-06-01 16:54:57.835226,maker
C-ETH-3720-020624,80.00000000,18,2024-06-01 16:55:42.802289,taker
P-ETH-3760-020624,6.50000000,1,2024-06-01 16:57:03.994383,taker
P-ETH-3800-030624,41.00000000,12,2024-06-01 16:57:41.727849,maker
C-ETH-4000-140624,101.00000000,1,2024-06-01 17:02:21.063671,taker
C-ETH-3800-020624,23.20000000,53,2024-06-01 17:03:11.523502,taker
P-ETH-3800-020624,21.20000000,15,2024-06-01 17:05:12.743890,maker
P-ETH-3820-020624,35.00000000,1,2024-06-01 17:05:53.484422,taker
P-ETH-3820-020624,35.00000000,99,2024-06-01 17:06:16.556605,taker
P-ETH-3820-020624,35.00000000,1,2024-06-01 17:07:01.022807,maker
C-ETH-3800-020624,23.30000000,1,2024-06-01 17:10:14.032660,taker
C-ETH-3840-020624,7.00000000,50,2024-06-01 17:11:08.443922,maker
P-ETH-3740-020624,3.20000000,50,2024-06-01 17:13:15.208854,maker
C-ETH-3840-020624,7.30000000,10,2024-06-01 17:13:27.933152,maker
C-ETH-3900-020624,2.10000000,4,2024-06-01 17:14:09.344597,taker
P-ETH-3740-020624,3.20000000,10,2024-06-01 17:14:25.418249,maker
C-ETH-3820-020624,13.00000000,9,2024-06-01 17:14:28.532054,maker
