product_symbol,price,size,timestamp,buyer_role
C-ETH-3640-010424,28.10000000,50,2024-04-01 00:01:57.428638,maker
C-ETH-3720-010424,4.80000000,600,2024-04-01 00:03:43.135901,taker
P-ETH-3600-010424,10.30000000,800,2024-04-01 00:04:47.268893,maker
P-ETH-3600-020424,40.00000000,1,2024-04-01 00:14:59.797188,taker
P-ETH-3600-020424,45.00000000,1,2024-04-01 00:41:31.565241,taker
C-ETH-3500-010424,120.00000000,1,2024-04-01 00:42:23.257065,maker
P-ETH-3620-010424,22.40000000,200,2024-04-01 00:52:43.676230,maker
C-ETH-3680-020424,36.00000000,400,2024-04-01 00:55:08.181852,maker
C-ETH-3540-010424,85.10000000,8,2024-04-01 01:00:56.958177,maker
C-ETH-3840-020424,8.40000000,25,2024-04-01 01:04:17.564993,taker
C-ETH-3440-020424,196.00000000,200,2024-04-01 01:07:53.605508,maker
C-ETH-3440-020424,194.00000000,200,2024-04-01 01:12:51.420992,maker
C-ETH-3440-020424,190.00000000,200,2024-04-01 01:20:12.106229,maker
C-ETH-3440-020424,190.00000000,200,2024-04-01 01:20:12.106280,maker
C-ETH-3700-010424,3.50000000,1,2024-04-01 01:24:43.586547,taker
C-ETH-3620-010424,22.10000000,20,2024-04-01 01:28:16.426350,maker
C-ETH-3500-010424,117.00000000,1,2024-04-01 01:29:20.242295,maker
C-ETH-3440-020424,186.00000000,200,2024-04-01 01:29:21.486407,maker
C-ETH-3440-020424,184.00000000,200,2024-04-01 01:39:53.020121,maker
P-ETH-3600-010424,17.00000000,5,2024-04-01 01:41:32.754300,maker
C-ETH-3720-010424,1.30000000,600,2024-04-01 01:41:44.353969,taker
C-ETH-3600-010424,30.20000000,50,2024-04-01 01:43:22.512367,taker
C-ETH-3660-010424,6.00000000,300,2024-04-01 01:45:06.143289,maker
C-ETH-3660-010424,6.10000000,300,2024-04-01 01:45:36.897860,maker
C-ETH-3440-020424,184.00000000,200,2024-04-01 01:51:32.199206,maker
C-ETH-3500-010424,112.00000000,1,2024-04-01 01:51:46.345947,maker
C-ETH-3700-010424,2.00000000,1,2024-04-01 01:51:53.790134,maker
C-ETH-3440-020424,182.00000000,200,2024-04-01 01:51:56.226210,maker
P-ETH-3520-020424,20.00000000,50,2024-04-01 01:51:56.556148,taker
P-ETH-3600-010424,18.00000000,1,2024-04-01 01:51:56.812366,taker
C-ETH-3680-020424,30.00000000,400,2024-04-01 01:52:03.077255,maker
C-ETH-3760-020424,13.00000000,862,2024-04-01 01:55:22.962985,taker
C-ETH-3700-010424,1.00000000,10,2024-04-01 01:56:04.265949,maker
P-ETH-3600-010424,17.10000000,5,2024-04-01 01:56:06.912451,maker
C-ETH-3660-010424,6.80000000,152,2024-04-01 01:57:13.376658,taker
P-ETH-3620-010424,26.20000000,1,2024-04-01 01:57:19.736282,maker
P-ETH-3540-010424,2.20000000,10,2024-04-01 01:57:33.314171,maker
C-ETH-3660-010424,6.90000000,229,2024-04-01 01:59:13.016303,taker
P-ETH-3620-010424,26.50000000,1,2024-04-01 02:01:23.082297,taker
C-ETH-3760-010424,0.60000000,50,2024-04-01 02:05:08.327831,taker
C-ETH-3660-010424,5.00000000,152,2024-04-01 02:09:40.979516,maker
P-ETH-3580-020424,40.60000000,138,2024-04-01 02:12:00.607912,taker
P-ETH-3580-020424,40.70000000,83,2024-04-01 02:13:34.590929,taker
C-ETH-3660-010424,5.10000000,600,2024-04-01 02:14:00.990749,taker
P-ETH-3580-020424,40.40000000,24,2024-04-01 02:14:09.843884,taker
P-ETH-3600-010424,17.70000000,10,2024-04-01 02:16:43.695656,taker
P-ETH-3520-010424,1.90000000,7,2024-04-01 02:16:49.584324,taker
C-ETH-3760-010424,0.01000000,50,2024-04-01 02:17:50.973037,maker
C-ETH-3600-010424,28.00000000,250,2024-04-01 02:22:40.403075,maker
P-ETH-3520-010424,0.90000000,7,2024-04-01 02:22:44.117117,maker
C-ETH-3640-010424,8.90000000,300,2024-04-01 02:28:34.367426,maker
C-ETH-3640-010424,9.00000000,300,2024-04-01 02:28:50.491873,taker
C-ETH-3640-010424,9.00000000,300,2024-04-01 02:29:40.185851,maker
C-ETH-3760-010424,0.50000000,200,2024-04-01 02:30:59.144840,taker
P-ETH-3500-010424,0.80000000,50,2024-04-01 02:51:16.594718,taker
C-ETH-3680-010424,3.80000000,50,2024-04-01 02:54:32.031714,taker
C-ETH-3660-010424,5.00000000,600,2024-04-01 02:55:25.532158,maker
C-ETH-3600-010424,29.60000000,100,2024-04-01 03:00:58.183425,taker
P-ETH-3600-010424,15.10000000,100,2024-04-01 03:01:19.596248,taker
C-ETH-4000-050424,20.60000000,150,2024-04-01 03:08:57.146568,taker
C-ETH-4300-050424,6.80000000,100,2024-04-01 03:09:18.465826,maker
C-ETH-3440-020424,180.00000000,200,2024-04-01 03:16:50.229253,maker
C-ETH-3660-010424,4.80000000,50,2024-04-01 03:21:42.786141,taker
P-ETH-3600-010424,14.40000000,5,2024-04-01 03:25:42.836512,taker
P-ETH-3540-020424,24.00000000,100,2024-04-01 03:26:17.791701,taker
C-ETH-3700-010424,0.90000000,1,2024-04-01 03:26:22.878159,maker
C-ETH-3660-010424,1.40000000,229,2024-04-01 03:29:10.191614,maker
P-ETH-3620-030424,77.50000000,2,2024-04-01 03:32:11.857936,maker
C-ETH-3600-010424,21.20000000,200,2024-04-01 03:37:38.418516,taker
C-ETH-3600-010424,23.20000000,200,2024-04-01 03:45:52.124643,maker
C-ETH-4100-050424,12.60000000,1,2024-04-01 03:46:10.914789,maker
C-ETH-3600-020424,65.20000000,500,2024-04-01 03:48:59.806378,taker
P-ETH-3500-010424,0.60000000,30,2024-04-01 03:49:45.070183,taker
P-ETH-3580-010424,6.40000000,500,2024-04-01 03:53:23.669444,maker
P-ETH-3580-010424,5.70000000,500,2024-04-01 03:54:47.686835,maker
C-ETH-3600-020424,60.00000000,500,2024-04-01 04:01:38.267816,maker
C-ETH-3640-010424,7.90000000,50,2024-04-01 04:01:57.984710,taker
P-ETH-3640-010424,34.50000000,2,2024-04-01 04:03:14.288742,maker
C-ETH-3660-010424,3.30000000,500,2024-04-01 04:05:59.097276,maker
C-ETH-3660-010424,4.20000000,1,2024-04-01 04:10:17.147340,maker
C-ETH-3660-010424,3.10000000,799,2024-04-01 04:10:17.147430,maker
P-ETH-3600-010424,15.00000000,100,2024-04-01 04:19:56.549702,taker
C-ETH-3600-010424,23.80000000,9,2024-04-01 04:23:12.090018,taker
C-ETH-3680-010424,1.70000000,1,2024-04-01 04:27:36.835652,taker
P-ETH-3540-010424,2.00000000,1,2024-04-01 04:28:57.236049,maker
C-ETH-3800-050424,44.30000000,25,2024-04-01 04:29:48.865465,maker
P-ETH-3600-010424,13.40000000,5,2024-04-01 04:30:20.703088,maker
C-ETH-3600-010424,20.20000000,9,2024-04-01 04:44:52.923103,maker
P-ETH-3600-010424,15.00000000,200,2024-04-01 04:46:53.970703,taker
C-ETH-3700-010424,0.80000000,300,2024-04-01 04:48:59.253105,taker
C-ETH-3600-010424,21.30000000,6,2024-04-01 04:55:19.213790,taker
C-ETH-3500-010424,106.00000000,55,2024-04-01 04:55:46.345850,maker
C-ETH-3620-010424,10.00000000,20,2024-04-01 05:00:21.661411,maker
C-ETH-3700-020424,19.20000000,50,2024-04-01 05:00:32.483832,maker
C-ETH-3580-010424,31.60000000,10,2024-04-01 05:01:40.119480,taker
P-ETH-3460-020424,7.90000000,50,2024-04-01 05:04:05.996182,maker
C-ETH-3600-010424,20.50000000,50,2024-04-01 05:06:19.396998,maker
C-ETH-3680-020424,24.00000000,400,2024-04-01 05:10:04.288179,maker
C-ETH-3440-020424,170.00000000,200,2024-04-01 05:10:04.648178,maker
P-ETH-3660-010424,66.00000000,90,2024-04-01 05:10:05.512970,taker
P-ETH-3440-030424,20.00000000,20,2024-04-01 05:10:06.668658,taker
C-ETH-3580-010424,25.20000000,10,2024-04-01 05:10:09.343804,maker
P-ETH-3540-010424,3.10000000,10,2024-04-01 05:10:10.534242,taker
P-ETH-3620-010424,29.30000000,50,2024-04-01 05:15:13.673553,maker
C-ETH-3760-030424,23.40000000,20,2024-04-01 05:16:42.104109,maker
C-ETH-4200-050424,7.40000000,30,2024-04-01 05:19:42.614682,taker
C-ETH-3800-120424,103.70000000,50,2024-04-01 05:26:03.917917,maker
P-ETH-3600-010424,20.80000000,100,2024-04-01 05:28:51.254660,maker
C-ETH-3600-010424,14.10000000,50,2024-04-01 05:29:13.608584,taker
P-ETH-3580-020424,45.25000000,1000,2024-04-01 05:31:39.940398,taker
C-ETH-3440-020424,160.00000000,200,2024-04-01 05:31:53.131850,maker
C-ETH-3660-010424,0.10000000,1,2024-04-01 05:33:54.687831,maker
C-ETH-3580-010424,18.00000000,2,2024-04-01 05:35:55.124267,taker
C-ETH-3500-010424,80.10000000,55,2024-04-01 05:35:59.957322,maker
C-ETH-3620-010424,3.40000000,800,2024-04-01 05:36:41.369599,taker
C-ETH-3660-010424,1.00000000,2337,2024-04-01 05:37:11.296408,taker
C-ETH-3660-010424,1.00000000,763,2024-04-01 05:37:11.487508,maker
C-ETH-3580-010424,17.90000000,9,2024-04-01 05:37:49.890768,taker
P-ETH-3600-030424,80.50000000,200,2024-04-01 05:38:05.615409,taker
C-ETH-3680-020424,18.00000000,400,2024-04-01 05:40:18.563270,maker
C-ETH-3760-010424,0.01000000,200,2024-04-01 05:40:29.910301,maker
C-ETH-3600-010424,7.00000000,20,2024-04-01 05:40:50.986810,taker
P-ETH-3620-010424,51.00000000,80,2024-04-01 05:41:22.825781,taker
P-ETH-3620-030424,98.80000000,500,2024-04-01 05:41:49.240880,taker
P-ETH-3600-010424,38.40000000,200,2024-04-01 05:41:49.422511,taker
C-ETH-3500-010424,70.00000000,49,2024-04-01 05:42:30.454675,maker
C-ETH-3600-010424,5.10000000,400,2024-04-01 05:43:20.832994,maker
C-ETH-3580-010424,13.70000000,50,2024-04-01 05:44:36.920967,taker
P-ETH-3500-010424,1.60000000,10,2024-04-01 05:44:48.659317,taker
C-ETH-3600-010424,5.50000000,400,2024-04-01 05:45:08.514046,maker
P-ETH-3620-010424,54.40000000,200,2024-04-01 05:45:19.040127,taker
P-ETH-3500-010424,1.60000000,50,2024-04-01 05:45:23.896512,taker
C-ETH-3500-010424,70.00000000,400,2024-04-01 05:45:40.099773,maker
P-ETH-3600-030424,90.00000000,200,2024-04-01 05:46:00.581047,taker
C-ETH-3700-010424,0.30000000,2538,2024-04-01 05:46:01.139641,maker
C-ETH-3600-010424,11.78000000,443,2024-04-01 05:46:14.195150,maker
C-ETH-3600-010424,11.78000000,443,2024-04-01 05:46:15.670270,maker
C-ETH-3680-010424,0.01000000,1,2024-04-01 05:46:25.948246,maker
C-ETH-3700-010424,0.30000000,2285,2024-04-01 05:47:05.170805,maker
C-ETH-3580-010424,6.20000000,50,2024-04-01 05:47:17.388145,maker
C-ETH-3700-010424,0.30000000,77,2024-04-01 05:47:46.752429,maker
P-ETH-3650-050424,158.60000000,200,2024-04-01 05:47:51.937012,taker
P-ETH-3500-010424,3.00000000,3,2024-04-01 05:48:05.330340,taker
P-ETH-3500-010424,4.00000000,2,2024-04-01 05:48:17.305598,taker
P-ETH-3540-010424,18.30000000,1600,2024-04-01 05:48:26.080990,taker
C-ETH-3680-020424,12.00000000,800,2024-04-01 05:48:44.427543,maker
C-ETH-3560-020424,43.90000000,100,2024-04-01 05:49:02.745140,taker
P-ETH-3580-020424,80.00000000,245,2024-04-01 05:50:07.630801,taker
P-ETH-3500-010424,12.70000000,10,2024-04-01 05:50:42.456944,maker
C-ETH-3600-010424,1.20000000,64,2024-04-01 05:50:55.236502,taker
C-ETH-3600-010424,1.20000000,36,2024-04-01 05:51:45.630785,taker
P-ETH-3440-010424,1.00000000,100,2024-04-01 05:51:57.078639,taker
C-ETH-3800-050424,29.10000000,25,2024-04-01 05:53:16.680764,taker
C-ETH-4100-050424,8.30000000,1,2024-04-01 05:53:33.673110,taker
C-ETH-3500-010424,22.30000000,400,2024-04-01 05:53:55.394005,maker
C-ETH-3520-010424,15.40000000,150,2024-04-01 05:54:03.247342,taker
C-ETH-3560-020424,36.10000000,100,2024-04-01 05:54:10.394152,taker
P-ETH-3480-010424,8.40000000,1,2024-04-01 05:57:10.357017,maker
P-ETH-3540-010424,40.00000000,1,2024-04-01 05:57:20.529125,maker
P-ETH-3600-030424,126.90000000,200,2024-04-01 05:57:22.132587,taker
P-ETH-3600-010424,80.00000000,4,2024-04-01 05:59:06.722332,taker
P-ETH-3480-010424,7.90000000,1,2024-04-01 05:59:32.180433,taker
C-ETH-3500-010424,26.00000000,200,2024-04-01 06:00:01.094389,maker
P-ETH-3480-010424,9.10000000,284,2024-04-01 06:00:24.936585,taker
P-ETH-3480-010424,8.60000000,284,2024-04-01 06:00:43.327907,taker
P-ETH-3480-010424,8.60000000,284,2024-04-01 06:00:50.026268,taker
C-ETH-3640-010424,0.50000000,900,2024-04-01 06:00:55.232463,taker
P-ETH-3480-010424,7.10000000,284,2024-04-01 06:01:10.331669,taker
P-ETH-3460-010424,3.50000000,10,2024-04-01 06:01:11.698747,taker
P-ETH-3480-010424,8.10000000,284,2024-04-01 06:01:47.408787,taker
P-ETH-3500-020424,45.00000000,2000,2024-04-01 06:01:49.889023,taker
P-ETH-3250-050424,23.90000000,2,2024-04-01 06:02:09.827157,maker
C-ETH-3540-010424,10.60000000,13,2024-04-01 06:03:32.446233,maker
P-ETH-3560-010424,41.70000000,1,2024-04-01 06:05:30.132533,taker
C-ETH-3650-050424,64.00000000,200,2024-04-01 06:05:50.635375,maker
C-ETH-3420-010424,109.20000000,5,2024-04-01 06:05:57.969873,taker
P-ETH-2900-310524,140.00000000,5,2024-04-01 06:06:07.248494,taker
C-ETH-3440-020424,108.50000000,4,2024-04-01 06:06:18.297123,maker
P-ETH-3600-010424,86.80000000,10,2024-04-01 06:06:23.009044,taker
P-ETH-3580-010424,58.40000000,40,2024-04-01 06:07:33.491039,taker
C-ETH-3500-010424,32.60000000,10,2024-04-01 06:07:43.814370,taker
P-ETH-3480-010424,6.00000000,426,2024-04-01 06:08:46.274723,maker
C-ETH-3700-050424,50.90000000,50,2024-04-01 06:10:05.181115,taker
P-ETH-3540-010424,27.50000000,10,2024-04-01 06:11:37.037193,maker
P-ETH-3500-050424,89.70000000,100,2024-04-01 06:12:53.023124,taker
P-ETH-3500-010424,10.00000000,50,2024-04-01 06:13:04.162464,taker
P-ETH-3540-010424,24.40000000,1,2024-04-01 06:15:01.812227,maker
C-ETH-3520-010424,21.70000000,150,2024-04-01 06:15:34.323825,maker
P-ETH-3600-010424,68.70000000,800,2024-04-01 06:17:29.525893,taker
P-ETH-3460-010424,0.40000000,10,2024-04-01 06:18:19.168984,maker
P-ETH-3580-010424,51.60000000,1000,2024-04-01 06:21:09.517660,taker
C-ETH-3580-010424,4.30000000,15,2024-04-01 06:22:13.182104,taker
P-ETH-3540-010424,19.80000000,1,2024-04-01 06:22:48.362142,taker
C-ETH-3440-020424,116.10000000,4,2024-04-01 06:23:27.812147,maker
C-ETH-3420-010424,115.20000000,5,2024-04-01 06:23:27.812396,maker
P-ETH-3580-010424,53.60000000,40,2024-04-01 06:27:04.244605,taker
P-ETH-3480-010424,3.00000000,141,2024-04-01 06:31:33.512542,maker
P-ETH-3480-010424,3.00000000,28,2024-04-01 06:31:33.512600,maker
C-ETH-3600-010424,1.40000000,303,2024-04-01 06:36:16.799275,maker
C-ETH-3560-020424,45.80000000,200,2024-04-01 06:36:56.958295,maker
C-ETH-3540-010424,17.70000000,13,2024-04-01 06:37:01.119797,maker
P-ETH-3480-010424,2.30000000,84,2024-04-01 06:37:11.120248,taker
P-ETH-3480-010424,2.30000000,84,2024-04-01 06:37:27.607701,taker
P-ETH-3600-010424,56.40000000,50,2024-04-01 06:37:44.124489,maker
C-ETH-3600-010424,1.50000000,50,2024-04-01 06:37:44.128810,maker
C-ETH-3560-020424,48.00000000,100,2024-04-01 06:40:50.851332,taker
C-ETH-3600-010424,2.20000000,50,2024-04-01 06:41:18.222482,taker
P-ETH-3600-010424,61.20000000,50,2024-04-01 06:41:18.691842,taker
C-ETH-3600-010424,2.30000000,30,2024-04-01 06:43:31.119131,maker
C-ETH-3620-010424,1.20000000,800,2024-04-01 06:44:20.196462,taker
P-ETH-3540-010424,13.40000000,50,2024-04-01 06:44:43.809317,maker
C-ETH-3540-010424,20.60000000,50,2024-04-01 06:44:43.809556,maker
C-ETH-3760-010424,0.01000000,40,2024-04-01 06:50:38.585816,maker
P-ETH-3420-020424,12.60000000,300,2024-04-01 07:02:45.331880,maker
C-ETH-3500-260424,342.40000000,10,2024-04-01 07:03:29.167725,maker
C-ETH-3700-010424,0.30000000,1,2024-04-01 07:04:15.233329,taker
C-ETH-3500-260424,343.80000000,10,2024-04-01 07:04:36.120710,maker
C-ETH-3500-260424,361.50000000,20,2024-04-01 07:08:25.793108,taker
P-ETH-3620-010424,69.00000000,81,2024-04-01 07:10:09.635971,taker
C-ETH-3700-010424,0.30000000,1,2024-04-01 07:13:36.184383,taker
P-ETH-3480-010424,0.40000000,2183,2024-04-01 07:17:12.070018,maker
C-ETH-3500-020424,82.50000000,90,2024-04-01 07:40:21.936877,maker
C-ETH-3540-010424,18.35000000,500,2024-04-01 07:40:37.349015,maker
C-ETH-3580-010424,3.50000000,15,2024-04-01 07:41:01.494941,maker
C-ETH-3760-010424,0.30000000,50,2024-04-01 07:43:07.407546,taker
P-ETH-3400-010424,0.30000000,50,2024-04-01 07:43:08.750882,taker
P-ETH-3500-020424,30.30000000,50,2024-04-01 07:44:36.077588,maker
P-ETH-3500-010424,2.80000000,15,2024-04-01 07:45:39.619484,taker
C-ETH-3660-020424,15.50000000,50,2024-04-01 07:48:50.548987,maker
C-ETH-3580-010424,3.20000000,800,2024-04-01 07:59:15.996415,maker
P-ETH-3500-010424,1.70000000,1000,2024-04-01 08:00:13.617146,maker
P-ETH-3500-010424,2.70000000,50,2024-04-01 08:04:09.238029,taker
C-ETH-3500-010424,43.70000000,200,2024-04-01 08:04:15.769172,maker
P-ETH-3360-020424,4.70000000,50,2024-04-01 08:08:57.944523,maker
C-ETH-3680-020424,8.50000000,50,2024-04-01 08:10:01.935357,maker
P-ETH-3500-010424,2.60000000,300,2024-04-01 08:13:03.096692,maker
C-ETH-3560-010424,3.50000000,300,2024-04-01 08:14:21.164232,maker
C-ETH-3600-010424,0.01000000,10,2024-04-01 08:16:54.374635,maker
C-ETH-3560-020424,40.80000000,100,2024-04-01 08:19:05.405446,taker
C-ETH-3600-010424,0.60000000,800,2024-04-01 08:21:30.691767,taker
P-ETH-3540-010424,23.20000000,100,2024-04-01 08:24:56.257963,taker
P-ETH-3500-010424,4.60000000,1200,2024-04-01 08:26:10.146883,taker
C-ETH-3540-010424,6.00000000,100,2024-04-01 08:32:28.544988,maker
C-ETH-3560-010424,2.80000000,800,2024-04-01 08:34:20.744059,taker
P-ETH-3300-260424,147.30000000,5,2024-04-01 08:38:22.428119,maker
C-ETH-4200-260424,97.60000000,5,2024-04-01 08:38:32.470477,maker
P-ETH-3300-120424,72.90000000,50,2024-04-01 08:38:49.981783,taker
P-ETH-3150-050424,13.40000000,300,2024-04-01 08:58:34.022157,taker
P-ETH-3150-050424,13.30000000,300,2024-04-01 09:00:24.278019,maker
P-ETH-3150-050424,13.00000000,200,2024-04-01 09:01:48.953147,taker
P-ETH-3540-010424,11.20000000,90,2024-04-01 09:05:18.708036,maker
C-ETH-3700-010424,0.30000000,1,2024-04-01 09:08:10.832352,taker
P-ETH-3250-050424,20.18000000,2,2024-04-01 09:09:04.360867,maker
P-ETH-3500-050424,75.70000000,100,2024-04-01 09:10:03.005553,taker
P-ETH-3500-010424,0.05000000,50,2024-04-01 09:14:40.824870,maker
P-ETH-3500-010424,0.01000000,1150,2024-04-01 09:14:40.824967,maker
P-ETH-3540-020424,40.00000000,1000,2024-04-01 09:29:38.329007,taker
C-ETH-3600-030424,45.80000000,100,2024-04-01 09:30:56.984629,taker
P-ETH-3500-030424,45.90000000,100,2024-04-01 09:33:36.060520,maker
P-ETH-3440-020424,10.50000000,50,2024-04-01 09:53:52.589271,taker
C-ETH-3640-020424,12.75000000,50,2024-04-01 10:02:27.425171,taker
C-ETH-3540-010424,8.00000000,80,2024-04-01 10:08:01.792339,maker
C-ETH-4000-050424,8.50000000,20,2024-04-01 10:13:44.999239,maker
C-ETH-3600-020424,22.90000000,100,2024-04-01 10:15:52.981649,taker
P-ETH-3560-020424,54.00000000,200,2024-04-01 10:20:33.186340,taker
C-ETH-3680-020424,6.60000000,50,2024-04-01 10:21:14.187613,taker
P-ETH-3360-020424,3.60000000,50,2024-04-01 10:21:15.160710,taker
C-ETH-3620-010424,0.01000000,41,2024-04-01 10:31:09.118376,maker
C-ETH-3540-010424,5.10000000,2,2024-04-01 10:32:58.159116,maker
C-ETH-3540-010424,5.30000000,798,2024-04-01 10:34:42.921524,maker
P-ETH-3360-020424,2.50000000,50,2024-04-01 10:34:57.890205,maker
C-ETH-3540-010424,5.00000000,50,2024-04-01 10:35:50.971310,taker
C-ETH-3660-020424,7.90000000,50,2024-04-01 10:36:47.727549,maker
C-ETH-3580-020424,25.50000000,2400,2024-04-01 10:37:00.712644,taker
C-ETH-3540-010424,7.60000000,50,2024-04-01 10:38:44.000645,maker
C-ETH-3550-050424,102.90000000,37,2024-04-01 10:50:47.392959,taker
P-ETH-3500-020424,24.00000000,140,2024-04-01 10:58:38.911474,maker
C-ETH-3540-010424,10.80000000,2,2024-04-01 10:59:12.111439,taker
C-ETH-3540-010424,14.60000000,80,2024-04-01 11:03:25.004851,taker
C-ETH-3600-020424,26.30000000,150,2024-04-01 11:03:49.099965,taker
P-ETH-3600-030424,90.00000000,600,2024-04-01 11:04:18.022380,maker
P-ETH-3500-010424,0.30000000,1300,2024-04-01 11:05:46.475157,taker
C-ETH-3580-010424,0.50000000,800,2024-04-01 11:07:01.547855,taker
C-ETH-3560-010424,1.90000000,1100,2024-04-01 11:19:38.112578,taker
C-ETH-3520-010424,33.50000000,5,2024-04-01 11:20:19.448663,taker
C-ETH-3520-010424,30.80000000,5,2024-04-01 11:23:04.747682,maker
C-ETH-3760-010424,0.01000000,500,2024-04-01 11:24:46.223235,maker
P-ETH-3320-010424,0.01000000,300,2024-04-01 11:25:55.997315,maker
P-ETH-3320-010424,0.01000000,300,2024-04-01 11:26:14.608322,maker
C-ETH-3600-020424,22.10000000,100,2024-04-01 11:27:14.442906,maker
C-ETH-3760-010424,0.01000000,500,2024-04-01 11:27:22.229944,maker
C-ETH-3500-010424,43.90000000,20,2024-04-01 11:32:54.593908,taker
C-ETH-3440-030424,134.10000000,50,2024-04-01 11:36:09.609777,taker
C-ETH-3680-020424,6.00000000,400,2024-04-01 11:39:37.660304,maker
P-ETH-3560-020424,47.90000000,50,2024-04-01 11:40:30.512168,maker
P-ETH-3560-020424,53.20000000,50,2024-04-01 11:42:35.306678,taker
C-ETH-3520-020424,57.00000000,1,2024-04-01 11:44:17.081132,taker
P-ETH-3540-010424,1.80000000,100,2024-04-01 11:45:29.013001,maker
P-ETH-3540-010424,1.10000000,1000,2024-04-01 11:51:22.595453,maker
P-ETH-3540-010424,1.00000000,1000,2024-04-01 11:51:45.597435,maker
P-ETH-3540-010424,1.10000000,1203,2024-04-01 11:52:17.474483,maker
P-ETH-3540-010424,1.09000000,1297,2024-04-01 11:52:17.475554,maker
C-ETH-3700-010424,0.01000000,10,2024-04-01 11:53:03.178609,maker
P-ETH-3440-010424,0.01000000,2000,2024-04-01 11:53:21.292980,maker
P-ETH-3540-010424,0.80000000,1000,2024-04-01 11:53:35.670429,maker
P-ETH-3460-010424,0.01000000,2000,2024-04-01 11:53:45.256700,maker
P-ETH-3540-010424,0.80000000,1000,2024-04-01 11:53:51.712491,maker
P-ETH-3540-010424,0.80000000,452,2024-04-01 11:54:02.708306,maker
P-ETH-3540-010424,0.70000000,548,2024-04-01 11:54:02.709216,maker
P-ETH-3540-010424,0.70000000,5000,2024-04-01 11:54:34.309128,maker
C-ETH-3540-010424,0.60000000,1000,2024-04-01 11:55:54.900239,maker
P-ETH-3540-010424,0.60000000,113,2024-04-01 11:56:09.822868,maker
P-ETH-3540-010424,0.60000000,113,2024-04-01 11:56:09.880838,taker
P-ETH-3540-010424,0.60000000,113,2024-04-01 11:56:10.145900,taker
P-ETH-3540-010424,0.60000000,114,2024-04-01 11:56:10.394026,taker
P-ETH-3540-010424,0.60000000,114,2024-04-01 11:56:10.801172,taker
P-ETH-3540-010424,0.60000000,115,2024-04-01 11:56:10.993121,taker
P-ETH-3540-010424,0.60000000,115,2024-04-01 11:56:11.370279,taker
P-ETH-3540-010424,0.60000000,115,2024-04-01 11:56:11.688808,taker
P-ETH-3540-010424,0.60000000,88,2024-04-01 11:56:11.966390,taker
P-ETH-3540-010424,0.60000000,121,2024-04-01 11:56:16.656406,maker
P-ETH-3540-010424,0.60000000,121,2024-04-01 11:56:16.732499,taker
P-ETH-3540-010424,0.60000000,121,2024-04-01 11:56:17.034250,taker
P-ETH-3540-010424,0.60000000,121,2024-04-01 11:56:17.314588,taker
P-ETH-3540-010424,0.60000000,122,2024-04-01 11:56:17.686306,taker
P-ETH-3540-010424,0.60000000,122,2024-04-01 11:56:17.929784,taker
P-ETH-3540-010424,0.60000000,122,2024-04-01 11:56:18.299569,taker
P-ETH-3540-010424,0.60000000,50,2024-04-01 11:56:18.547580,taker
P-ETH-3540-010424,0.30000000,1000,2024-04-01 11:57:04.395961,maker
P-ETH-3540-010424,0.30000000,100,2024-04-01 11:57:06.391054,maker
P-ETH-3540-010424,0.10000000,1000,2024-04-01 11:57:30.038633,maker
C-ETH-3500-010424,40.26827586,20,2024-04-01 12:00:01.092700,taker
P-ETH-3560-010424,19.73172414,300,2024-04-01 12:00:01.092725,taker
C-ETH-3540-010424,0.26827586,50,2024-04-01 12:00:01.092733,taker
C-ETH-3600-050424,75.60000000,10,2024-04-01 12:00:03.133711,maker
C-ETH-3540-010424,0.26827586,350,2024-04-01 12:00:04.163312,taker
P-ETH-3580-010424,39.73172414,150,2024-04-01 12:00:04.631338,taker
P-ETH-3600-010424,59.73172414,26,2024-04-01 12:00:04.997594,taker
P-ETH-3600-010424,59.73172414,60,2024-04-01 12:00:06.626268,taker
C-ETH-3540-010424,0.26827586,1000,2024-04-01 12:00:07.403160,taker
P-ETH-3520-020424,26.00000000,1,2024-04-01 12:14:21.420282,maker
C-ETH-3600-020424,23.70000000,300,2024-04-01 12:18:46.561115,taker
C-ETH-3440-030424,140.90000000,50,2024-04-01 12:23:36.223511,maker
P-ETH-3500-020424,18.00000000,40,2024-04-01 12:24:48.298256,maker
C-ETH-3560-020424,40.90000000,10,2024-04-01 12:25:23.901410,taker
C-ETH-3720-020424,3.80000000,3,2024-04-01 12:26:15.351497,taker
C-ETH-3520-020424,60.30000000,1,2024-04-01 12:27:58.275991,maker
C-ETH-3560-020424,39.00000000,30,2024-04-01 12:31:29.011219,maker
P-ETH-3500-020424,18.00000000,120,2024-04-01 12:31:37.420354,taker
P-ETH-3000-050424,5.90000000,5,2024-04-01 12:35:03.493359,taker
P-ETH-2600-260424,23.40000000,30,2024-04-01 12:40:11.831407,maker
P-ETH-3560-020424,44.00000000,200,2024-04-01 12:41:30.312476,maker
P-ETH-3500-020424,16.70000000,100,2024-04-01 12:43:01.591514,maker
P-ETH-3400-020424,3.70000000,100,2024-04-01 12:43:01.592279,taker
P-ETH-3500-020424,19.80000000,100,2024-04-01 12:46:25.253210,taker
P-ETH-3400-020424,2.60000000,100,2024-04-01 12:46:26.498812,maker
C-ETH-4800-260424,34.50000000,10,2024-04-01 12:46:30.187445,taker
C-ETH-3600-050424,83.40000000,50,2024-04-01 12:49:42.883608,taker
P-ETH-3560-020424,43.20000000,5,2024-04-01 13:20:32.490254,maker
P-ETH-3420-020424,5.20000000,50,2024-04-01 13:21:04.192603,taker
C-ETH-3540-020424,47.50000000,2,2024-04-01 13:22:48.263774,taker
C-ETH-3680-020424,7.40000000,50,2024-04-01 13:28:10.820679,taker
C-ETH-3600-020424,24.00000000,100,2024-04-01 13:30:27.074555,taker
C-ETH-3540-020424,52.80000000,2,2024-04-01 13:30:38.028080,maker
C-ETH-3800-120424,90.70000000,50,2024-04-01 13:33:10.024457,taker
P-ETH-3600-020424,64.60000000,9,2024-04-01 13:33:48.276131,taker
C-ETH-3800-120424,85.20000000,50,2024-04-01 13:34:27.088586,maker
C-ETH-3600-020424,22.40000000,100,2024-04-01 13:36:24.540443,maker
C-ETH-3600-020424,22.60000000,100,2024-04-01 13:36:38.381067,taker
P-ETH-3600-020424,55.90000000,9,2024-04-01 13:38:00.220306,maker
C-ETH-3560-020424,45.70000000,9,2024-04-01 13:39:40.230180,taker
C-ETH-3560-020424,37.80000000,9,2024-04-01 13:48:10.803338,maker
P-ETH-3500-020424,16.50000000,50,2024-04-01 13:51:02.486015,taker
C-ETH-3660-020424,10.10000000,50,2024-04-01 13:51:03.047869,taker
C-ETH-3600-030424,47.00000000,400,2024-04-01 13:54:01.089148,maker
C-ETH-3580-020424,29.00000000,9,2024-04-01 14:03:30.444264,maker
C-ETH-3600-030424,44.80000000,100,2024-04-01 14:04:28.764293,maker
C-ETH-3640-020424,8.50000000,25,2024-04-01 14:11:38.604179,maker
C-ETH-3600-020424,18.00000000,200,2024-04-01 14:12:20.427045,maker
P-ETH-3540-030424,57.25000000,1000,2024-04-01 14:12:36.080953,taker
C-ETH-3580-020424,22.90000000,2319,2024-04-01 14:12:59.379034,taker
C-ETH-3580-020424,23.00000000,81,2024-04-01 14:12:59.501367,maker
C-ETH-3600-050424,73.10000000,50,2024-04-01 14:13:21.873809,maker
C-ETH-3640-030424,27.70000000,260,2024-04-01 14:16:30.483291,taker
C-ETH-3680-020424,4.00000000,400,2024-04-01 14:22:21.637764,maker
C-ETH-3680-020424,4.00000000,1690,2024-04-01 14:22:21.637823,maker
P-ETH-3540-030424,59.00000000,200,2024-04-01 14:24:14.891607,taker
P-ETH-3540-030424,59.00000000,200,2024-04-01 14:24:14.891656,taker
C-ETH-3680-020424,4.00000000,1,2024-04-01 14:27:34.771653,maker
C-ETH-3680-020424,4.00000000,1,2024-04-01 14:27:35.145066,maker
C-ETH-3680-020424,4.00000000,1,2024-04-01 14:27:35.438436,maker
C-ETH-3680-020424,4.00000000,1,2024-04-01 14:27:35.622757,maker
C-ETH-3680-020424,4.00000000,1,2024-04-01 14:27:36.025555,maker
C-ETH-3680-020424,4.00000000,2,2024-04-01 14:27:36.270568,maker
C-ETH-3680-020424,4.00000000,2,2024-04-01 14:27:36.638716,maker
C-ETH-3680-020424,4.00000000,1,2024-04-01 14:27:36.873713,maker
C-ETH-3680-020424,4.00000000,1,2024-04-01 14:27:37.183000,maker
C-ETH-3680-020424,4.00000000,1,2024-04-01 14:27:37.470683,maker
C-ETH-3680-020424,4.00000000,1,2024-04-01 14:27:37.736426,maker
C-ETH-3680-020424,4.00000000,1,2024-04-01 14:27:38.068848,maker
C-ETH-3680-020424,4.00000000,1,2024-04-01 14:27:38.334362,maker
C-ETH-3680-020424,4.00000000,1,2024-04-01 14:27:38.645460,maker
C-ETH-3680-020424,4.00000000,2,2024-04-01 14:27:38.937930,maker
C-ETH-3680-020424,4.00000000,2,2024-04-01 14:27:39.300736,maker
C-ETH-3680-020424,4.00000000,1,2024-04-01 14:27:39.526168,maker
C-ETH-3680-020424,4.00000000,1,2024-04-01 14:27:39.850979,maker
C-ETH-3680-020424,4.00000000,2,2024-04-01 14:27:40.254669,maker
C-ETH-3680-020424,4.00000000,2,2024-04-01 14:27:40.472799,maker
C-ETH-3680-020424,4.00000000,2,2024-04-01 14:27:40.780088,maker
C-ETH-3680-020424,4.00000000,2,2024-04-01 14:27:41.081054,maker
C-ETH-3680-020424,4.00000000,2,2024-04-01 14:27:41.323895,maker
C-ETH-3680-020424,4.00000000,2,2024-04-01 14:27:41.714237,maker
C-ETH-3680-020424,4.00000000,2,2024-04-01 14:27:41.935856,maker
P-ETH-3360-020424,1.70000000,50,2024-04-01 14:28:07.248048,taker
C-ETH-3660-020424,5.40000000,50,2024-04-01 14:28:09.052172,taker
P-ETH-3400-020424,2.70000000,1,2024-04-01 14:28:59.547614,maker
C-ETH-3680-020424,4.00000000,674,2024-04-01 14:30:06.274212,maker
P-ETH-3460-020424,11.00000000,1,2024-04-01 14:30:06.304951,taker
C-ETH-3640-020424,7.40000000,25,2024-04-01 14:31:23.212475,taker
P-ETH-2800-120424,11.40000000,1,2024-04-01 14:34:01.761140,maker
C-ETH-3600-030424,34.10000000,200,2024-04-01 14:35:20.321419,taker
P-ETH-3460-020424,12.00000000,1,2024-04-01 14:35:37.776083,taker
P-ETH-3460-020424,12.00000000,1,2024-04-01 14:35:37.776141,taker
P-ETH-3420-020424,6.00000000,1,2024-04-01 14:35:45.326888,taker
P-ETH-3500-030424,50.40000000,100,2024-04-01 14:35:51.767063,taker
P-ETH-3520-020424,35.10000000,1,2024-04-01 14:38:03.636280,taker
P-ETH-3420-020424,5.80000000,50,2024-04-01 14:38:31.665818,maker
C-ETH-3620-020424,6.70000000,50,2024-04-01 14:39:38.170433,maker
P-ETH-2800-120424,13.30000000,1,2024-04-01 14:40:08.161306,taker
P-ETH-3000-120424,23.00000000,1,2024-04-01 14:41:35.446210,maker
P-ETH-3440-030424,27.10000000,1,2024-04-01 14:43:02.144059,taker
P-ETH-2800-120424,11.40000000,1,2024-04-01 14:43:12.450080,maker
P-ETH-3440-030424,27.10000000,1,2024-04-01 14:43:22.748301,maker
C-ETH-3680-030424,13.60000000,50,2024-04-01 14:46:07.710845,maker
C-ETH-3520-020424,41.00000000,5,2024-04-01 14:48:11.757639,taker
C-ETH-3520-020424,33.70000000,5,2024-04-01 14:50:48.604708,maker
P-ETH-3440-030424,29.10000000,1,2024-04-01 14:51:56.832066,taker
P-ETH-3440-020424,10.00000000,1,2024-04-01 14:52:04.382611,taker
P-ETH-3440-020424,10.00000000,1,2024-04-01 14:52:04.382669,taker
P-ETH-3360-030424,13.00000000,50,2024-04-01 14:52:05.021086,taker
P-ETH-3420-020424,7.00000000,1,2024-04-01 14:52:08.312342,taker
C-ETH-3600-030424,28.30000000,100,2024-04-01 14:52:32.675292,taker
P-ETH-3400-020424,5.00000000,1,2024-04-01 14:52:36.235258,taker
P-ETH-3500-020424,37.50000000,2000,2024-04-01 14:53:54.391879,taker
P-ETH-3480-020424,26.80000000,3,2024-04-01 14:54:27.291215,taker
P-ETH-3500-020424,32.80000000,100,2024-04-01 14:55:35.400270,maker
C-ETH-3640-020424,3.50000000,100,2024-04-01 14:57:48.065220,maker
P-ETH-3500-020424,29.60000000,100,2024-04-01 14:58:19.906475,maker
C-ETH-3600-020424,9.80000000,50,2024-04-01 14:59:05.115422,taker
C-ETH-3600-030424,27.30000000,400,2024-04-01 15:01:07.629776,maker
P-ETH-3500-020424,32.00000000,100,2024-04-01 15:01:40.284588,taker
P-ETH-3500-020424,36.90000000,100,2024-04-01 15:06:18.043894,maker
C-ETH-3700-020424,1.00000000,50,2024-04-01 15:07:01.241634,maker
P-ETH-3500-020424,53.51000000,100,2024-04-01 15:07:29.737916,maker
C-ETH-3560-020424,9.80000000,100,2024-04-01 15:09:05.211258,taker
P-ETH-3540-030424,104.80000000,800,2024-04-01 15:09:06.940860,taker
P-ETH-3480-020424,43.10000000,3,2024-04-01 15:09:13.049667,maker
P-ETH-3500-020424,59.30000000,100,2024-04-01 15:09:55.279579,taker
C-ETH-3440-030424,80.00000000,25,2024-04-01 15:10:53.169857,maker
P-ETH-3460-020424,35.00000000,1,2024-04-01 15:11:10.959572,maker
C-ETH-3640-020424,1.60000000,3,2024-04-01 15:11:43.057008,taker
P-ETH-3480-040424,80.00000000,200,2024-04-01 15:12:37.783833,taker
P-ETH-3540-030424,110.30000000,600,2024-04-01 15:13:29.242608,taker
C-ETH-3480-040424,72.00000000,200,2024-04-01 15:13:47.577621,taker
C-ETH-3520-020424,17.10000000,1,2024-04-01 15:16:30.771890,taker
P-ETH-3360-020424,4.40000000,4,2024-04-01 15:21:07.242298,maker
C-ETH-3700-050424,28.40000000,1,2024-04-01 15:22:19.925374,taker
C-ETH-3520-020424,20.50000000,40,2024-04-01 15:23:10.816589,taker
C-ETH-3520-020424,21.20000000,40,2024-04-01 15:28:43.213015,maker
C-ETH-3640-030424,15.00000000,260,2024-04-01 15:32:46.647314,maker
P-ETH-3460-020424,23.20000000,1,2024-04-01 15:32:54.944487,maker
P-ETH-3460-020424,24.00000000,1,2024-04-01 15:34:17.045795,taker
C-ETH-3560-030424,32.40000000,260,2024-04-01 15:36:45.694244,maker
P-ETH-3420-020424,11.00000000,1,2024-04-01 15:36:54.547330,taker
P-ETH-3420-020424,11.00000000,1,2024-04-01 15:36:54.547410,taker
P-ETH-3420-020424,11.00000000,1,2024-04-01 15:37:11.879885,maker
C-ETH-3560-020424,12.10000000,70,2024-04-01 15:37:19.897073,taker
P-ETH-3420-020424,11.00000000,1,2024-04-01 15:37:46.018008,taker
P-ETH-3420-020424,11.00000000,1,2024-04-01 15:37:46.018068,taker
P-ETH-3420-020424,11.40000000,1,2024-04-01 15:37:59.251838,maker
C-ETH-3580-020424,7.90000000,4,2024-04-01 15:38:07.126531,taker
P-ETH-3420-020424,11.70000000,1,2024-04-01 15:38:31.893723,maker
P-ETH-3420-020424,12.00000000,1,2024-04-01 15:38:43.901826,taker
P-ETH-3420-020424,11.90000000,1,2024-04-01 15:38:47.719003,maker
P-ETH-3420-020424,11.70000000,1,2024-04-01 15:39:04.072375,maker
P-ETH-3420-020424,11.70000000,1,2024-04-01 15:39:45.863952,maker
P-ETH-3420-020424,12.40000000,1,2024-04-01 15:40:25.064975,maker
P-ETH-3420-020424,12.20000000,1,2024-04-01 15:41:17.518206,maker
P-ETH-3420-020424,12.50000000,1,2024-04-01 15:41:50.204153,maker
P-ETH-3420-020424,12.20000000,1,2024-04-01 15:42:21.401221,maker
P-ETH-3460-020424,23.50000000,1,2024-04-01 15:49:08.939193,taker
C-ETH-3600-020424,4.20000000,170,2024-04-01 15:52:49.500130,taker
C-ETH-3500-020424,21.00000000,3,2024-04-01 15:54:27.879700,maker
C-ETH-3440-020424,49.60000000,9,2024-04-01 15:54:32.106918,maker
C-ETH-3640-020424,1.30000000,50,2024-04-01 15:57:16.266288,taker
C-ETH-3680-030424,6.50000000,50,2024-04-01 15:57:51.426464,taker
C-ETH-4000-050424,5.40000000,20,2024-04-01 15:57:58.374619,maker
P-ETH-3540-020424,100.30000000,1,2024-04-01 15:58:58.363877,taker
C-ETH-3640-020424,1.30000000,100,2024-04-01 15:59:23.007697,maker
C-ETH-3460-020424,29.90000000,1,2024-04-01 15:59:53.196134,maker
P-ETH-3560-020424,123.70000000,3,2024-04-01 16:00:35.146888,taker
P-ETH-3000-050424,8.40000000,1,2024-04-01 16:01:28.267257,taker
P-ETH-3420-020424,25.50000000,10,2024-04-01 16:05:42.750510,taker
P-ETH-3520-020424,80.00000000,50,2024-04-01 16:08:08.413941,maker
P-ETH-3380-030424,28.50000000,25,2024-04-01 16:09:19.219972,maker
C-ETH-3600-020424,4.10000000,100,2024-04-01 16:09:50.415523,taker
P-ETH-3560-020424,111.30000000,2,2024-04-01 16:13:53.749310,taker
P-ETH-3400-020424,14.50000000,1,2024-04-01 16:16:10.910026,taker
P-ETH-3400-020424,14.60000000,1,2024-04-01 16:16:11.237408,taker
P-ETH-3400-020424,15.00000000,1,2024-04-01 16:16:12.392281,taker
P-ETH-3460-020424,41.80000000,50,2024-04-01 16:17:34.769561,maker
P-ETH-3440-020424,32.30000000,5,2024-04-01 16:18:04.643788,maker
P-ETH-2800-120424,14.10000000,20,2024-04-01 16:18:43.259817,maker
P-ETH-3380-020424,11.40000000,5,2024-04-01 16:19:37.692303,taker
P-ETH-3350-050424,49.00000000,100,2024-04-01 16:21:18.115418,maker
P-ETH-3580-020424,120.50000000,10,2024-04-01 16:22:08.185189,maker
P-ETH-3380-020424,10.60000000,202,2024-04-01 16:22:42.046747,taker
C-ETH-3600-020424,4.00000000,500,2024-04-01 16:23:05.282438,taker
P-ETH-3440-020424,26.00000000,5,2024-04-01 16:23:34.949046,maker
P-ETH-3540-020424,86.70000000,1,2024-04-01 16:24:16.518831,maker
P-ETH-3460-020424,37.70000000,1,2024-04-01 16:25:39.025489,taker
P-ETH-3540-020424,87.00000000,1,2024-04-01 16:25:50.174761,maker
C-ETH-4000-050424,6.30000000,50,2024-04-01 16:29:26.255920,taker
P-ETH-3540-020424,99.70000000,1,2024-04-01 16:35:46.906963,taker
P-ETH-2800-120424,14.10000000,20,2024-04-01 16:38:22.244861,maker
C-ETH-3500-020424,17.40000000,2,2024-04-01 16:38:41.744785,taker
P-ETH-3440-020424,30.20000000,50,2024-04-01 16:42:23.076001,taker
P-ETH-3440-020424,27.50000000,2,2024-04-01 16:44:21.107074,maker
P-ETH-3420-020424,19.80000000,10,2024-04-01 16:45:30.070472,maker
C-ETH-3660-030424,7.90000000,100,2024-04-01 16:45:59.185246,maker
P-ETH-3420-020424,20.80000000,5,2024-04-01 16:46:58.821547,maker
P-ETH-3420-020424,19.60000000,5,2024-04-01 16:48:05.439061,maker
P-ETH-3420-020424,19.00000000,15,2024-04-01 16:49:48.012764,maker
P-ETH-3400-020424,13.50000000,1,2024-04-01 16:50:05.795289,taker
P-ETH-3400-020424,13.30000000,1,2024-04-01 16:50:47.320018,maker
P-ETH-3540-020424,87.20000000,1,2024-04-01 16:52:28.326104,maker
P-ETH-3400-020424,13.60000000,1,2024-04-01 16:56:25.261903,taker
P-ETH-3400-020424,14.00000000,1,2024-04-01 16:56:53.074371,taker
C-ETH-3560-030424,21.30000000,50,2024-04-01 16:58:39.375661,maker
P-ETH-3400-020424,15.20000000,1,2024-04-01 17:02:04.269158,taker
P-ETH-3400-020424,15.00000000,1,2024-04-01 17:02:35.892275,taker
P-ETH-3440-020424,32.70000000,2,2024-04-01 17:04:24.005252,taker
P-ETH-3500-020424,70.00000000,180,2024-04-01 17:05:05.633433,taker
P-ETH-3460-020424,42.50000000,1,2024-04-01 17:06:49.299759,taker
C-ETH-3550-050424,49.10000000,37,2024-04-01 17:09:27.101950,maker
P-ETH-3440-020424,35.20000000,4,2024-04-01 17:11:08.921553,taker
C-ETH-3400-020424,59.00000000,100,2024-04-01 17:12:06.138989,taker
P-ETH-3440-020424,33.70000000,2,2024-04-01 17:12:31.092640,taker
P-ETH-3580-020424,137.70000000,10,2024-04-01 17:13:45.430138,maker
C-ETH-3440-020424,35.00000000,18,2024-04-01 17:22:02.634487,maker
C-ETH-3420-020424,45.10000000,3,2024-04-01 17:22:57.720337,maker
C-ETH-3400-040424,100.90000000,25,2024-04-01 17:23:25.736834,taker
C-ETH-3500-020424,12.30000000,5,2024-04-01 17:23:32.263600,maker
P-ETH-3460-020424,47.20000000,1,2024-04-01 17:24:49.545659,maker
C-ETH-3520-020424,9.10000000,1,2024-04-01 17:27:42.854323,taker
C-ETH-3600-030424,11.70000000,1,2024-04-01 17:29:18.056645,taker
C-ETH-3440-020424,32.50000000,18,2024-04-01 17:36:01.241899,maker
P-ETH-3440-020424,43.00000000,2,2024-04-01 17:37:52.317394,taker
P-ETH-3380-030424,39.10000000,25,2024-04-01 17:38:31.279961,taker
C-ETH-3480-020424,14.60000000,10,2024-04-01 17:38:52.282978,maker
P-ETH-3440-020424,41.30000000,2,2024-04-01 17:38:55.886049,maker
C-ETH-3640-030424,5.50000000,10,2024-04-01 17:39:22.571220,maker
P-ETH-3580-030424,161.80000000,10,2024-04-01 17:39:22.572631,maker
P-ETH-3440-020424,43.00000000,2,2024-04-01 17:39:42.097317,taker
P-ETH-3420-020424,28.40000000,20,2024-04-01 17:45:52.398881,taker
C-ETH-3420-020424,46.00000000,20,2024-04-01 17:46:24.525707,taker
C-ETH-3680-030424,3.80000000,10,2024-04-01 17:53:49.092235,maker
C-ETH-3460-020424,21.10000000,40,2024-04-01 18:04:04.448992,maker
C-ETH-3500-020424,8.80000000,70,2024-04-01 18:07:11.080094,maker
P-ETH-3400-020424,23.00000000,1,2024-04-01 18:09:45.596496,taker
C-ETH-3520-020424,6.20000000,100,2024-04-01 18:12:54.938158,maker
C-ETH-3440-040424,74.40000000,25,2024-04-01 18:14:28.806580,taker
C-ETH-3500-020424,11.70000000,70,2024-04-01 18:16:41.270108,maker
C-ETH-3640-030424,7.00000000,1,2024-04-01 18:22:45.126309,taker
C-ETH-3440-020424,33.10000000,10,2024-04-01 18:22:56.770002,maker
P-ETH-3340-020424,5.00000000,25,2024-04-01 18:23:38.531847,taker
P-ETH-3460-020424,44.20000000,1,2024-04-01 18:28:17.673081,maker
P-ETH-3320-020424,2.70000000,100,2024-04-01 18:28:46.611365,maker
P-ETH-3420-020424,25.10000000,35,2024-04-01 18:40:54.253334,taker
C-ETH-3400-020424,63.50000000,2,2024-04-01 18:53:25.238824,taker
C-ETH-3480-020424,19.40000000,10,2024-04-01 18:53:29.016031,taker
P-ETH-3340-020424,3.70000000,25,2024-04-01 18:54:20.529633,taker
P-ETH-3360-020424,5.30000000,3224,2024-04-01 18:56:53.503715,maker
C-ETH-3680-030424,4.90000000,15,2024-04-01 19:12:17.528403,taker
C-ETH-3520-020424,11.30000000,100,2024-04-01 19:12:19.985018,taker
C-ETH-3420-020424,54.80000000,3,2024-04-01 19:12:23.013683,taker
P-ETH-3460-020424,25.20000000,2000,2024-04-01 19:21:42.401537,maker
P-ETH-3460-020424,22.40000000,5,2024-04-01 19:27:27.940618,taker
P-ETH-3480-030424,60.50000000,25,2024-04-01 19:29:26.585997,maker
C-ETH-3400-020424,76.20000000,2,2024-04-01 19:30:16.417490,maker
C-ETH-3680-030424,6.00000000,15,2024-04-01 19:31:24.023305,taker
C-ETH-3500-020424,19.60000000,100,2024-04-01 19:34:03.795783,maker
C-ETH-3580-020424,2.20000000,9,2024-04-01 19:39:55.090055,maker
C-ETH-3440-040424,95.32000000,25,2024-04-01 19:41:09.842554,taker
C-ETH-3500-020424,20.00000000,10,2024-04-01 19:51:18.544912,taker
P-ETH-3460-020424,19.80000000,5,2024-04-01 19:57:24.607270,taker
P-ETH-3380-020424,3.20000000,3205,2024-04-01 20:19:56.128558,taker
P-ETH-3380-020424,3.20000000,145,2024-04-01 20:22:06.397971,taker
C-ETH-3540-020424,9.00000000,100,2024-04-01 20:32:01.544654,maker
P-ETH-3460-020424,19.00000000,400,2024-04-01 20:37:51.391559,maker
P-ETH-3360-020424,1.60000000,100,2024-04-01 20:51:19.456930,taker
C-ETH-3500-020424,29.00000000,10,2024-04-01 21:12:33.648019,taker
C-ETH-3500-020424,29.00000000,90,2024-04-01 21:20:40.843738,taker
C-ETH-3500-020424,29.90000000,300,2024-04-01 21:26:54.927381,taker
C-ETH-3500-020424,27.00000000,100,2024-04-01 21:29:57.349399,taker
P-ETH-3360-020424,1.00000000,4,2024-04-01 21:31:11.634765,taker
C-ETH-3620-020424,2.10000000,50,2024-04-01 21:31:11.789418,taker
P-ETH-3420-020424,4.30000000,50,2024-04-01 21:31:12.477915,taker
C-ETH-3500-020424,23.50000000,300,2024-04-01 21:33:10.734714,maker
C-ETH-3480-020424,36.00000000,100,2024-04-01 22:22:16.984868,maker
C-ETH-3500-020424,31.80000000,5,2024-04-01 22:43:57.822148,taker
P-ETH-3440-020424,3.70000000,4,2024-04-01 22:44:50.673845,maker
P-ETH-3380-020424,0.01000000,202,2024-04-01 22:47:58.121908,maker
C-ETH-3600-020424,2.20000000,1,2024-04-01 22:48:34.740215,taker
C-ETH-3540-020424,10.80000000,50,2024-04-01 23:59:17.662540,taker
P-ETH-3500-020424,21.10000000,160,2024-04-02 00:07:00.914227,taker
P-ETH-3400-030424,17.10000000,160,2024-04-02 00:11:12.252032,maker
C-ETH-3440-020424,64.00000000,10,2024-04-02 00:16:04.205056,maker
C-ETH-3580-020424,1.50000000,100,2024-04-02 00:32:39.141656,maker
P-ETH-3500-020424,30.40000000,1,2024-04-02 00:33:04.340456,taker
P-ETH-3380-020424,1.00000000,80,2024-04-02 00:51:12.186969,taker
P-ETH-3460-020424,9.70000000,20,2024-04-02 00:52:10.045788,taker
P-ETH-3480-040424,65.20000000,200,2024-04-02 00:52:41.948758,taker
C-ETH-3480-040424,82.10000000,200,2024-04-02 00:52:41.948775,taker
P-ETH-3600-260424,287.50000000,200,2024-04-02 01:00:12.170511,maker
C-ETH-3440-020424,53.00000000,20,2024-04-02 01:01:10.411397,maker
P-ETH-3460-020424,8.50000000,20,2024-04-02 01:02:49.142179,maker
C-ETH-3600-260424,242.00000000,200,2024-04-02 01:05:26.180904,taker
C-ETH-3600-020424,1.40000000,50,2024-04-02 01:06:00.876985,taker
P-ETH-3420-020424,2.00000000,50,2024-04-02 01:06:31.707825,taker
P-ETH-3280-030424,3.20000000,50,2024-04-02 01:11:54.758886,maker
C-ETH-3700-030424,4.80000000,50,2024-04-02 01:12:41.759885,maker
C-ETH-3520-020424,11.60000000,15,2024-04-02 01:27:17.932920,maker
P-ETH-3380-020424,0.80000000,5,2024-04-02 01:29:41.022280,taker
C-ETH-3520-020424,9.30000000,15,2024-04-02 01:33:30.468940,maker
P-ETH-3480-030424,46.40000000,25,2024-04-02 01:48:49.667015,taker
P-ETH-3580-020424,91.90000000,20,2024-04-02 01:49:27.966505,taker
C-ETH-3500-020424,17.40000000,15,2024-04-02 01:57:10.078908,taker
P-ETH-3480-020424,14.80000000,2,2024-04-02 01:57:13.780915,maker
C-ETH-3500-020424,14.80000000,15,2024-04-02 02:02:50.760665,maker
P-ETH-3480-020424,16.20000000,2,2024-04-02 02:05:38.278033,maker
C-ETH-3600-020424,0.70000000,15,2024-04-02 02:06:18.614220,maker
C-ETH-3520-020424,7.80000000,20,2024-04-02 02:16:16.128953,maker
P-ETH-3460-020424,11.10000000,250,2024-04-02 02:18:04.256426,taker
P-ETH-3300-120424,80.00000000,100,2024-04-02 02:23:42.178051,taker
C-ETH-3520-020424,4.00000000,20,2024-04-02 02:24:13.361410,maker
C-ETH-3560-030424,20.70000000,50,2024-04-02 02:24:44.939849,maker
P-ETH-3540-030424,107.60000000,1,2024-04-02 02:29:21.023889,maker
P-ETH-3380-020424,2.40000000,80,2024-04-02 02:29:41.988095,maker
P-ETH-3420-020424,11.20000000,10,2024-04-02 02:29:47.010769,maker
P-ETH-3460-020424,30.00000000,650,2024-04-02 02:29:48.563743,taker
P-ETH-3550-050424,147.70000000,71,2024-04-02 02:30:23.452742,taker
P-ETH-3480-020424,47.90000000,4,2024-04-02 02:31:47.998493,taker
P-ETH-3540-020424,96.60000000,1,2024-04-02 02:32:36.782945,taker
C-ETH-3480-020424,9.60000000,15,2024-04-02 02:33:10.024149,maker
C-ETH-3500-020424,4.90000000,100,2024-04-02 02:33:43.990525,maker
C-ETH-3480-020424,5.40000000,15,2024-04-02 02:34:40.823251,maker
C-ETH-3700-120424,71.00000000,100,2024-04-02 02:34:45.835279,taker
P-ETH-3500-020424,67.70000000,1,2024-04-02 02:34:47.874350,maker
P-ETH-3540-030424,118.60000000,2,2024-04-02 02:34:51.421408,maker
C-ETH-3560-020424,0.01000000,300,2024-04-02 02:34:58.392096,maker
C-ETH-3500-020424,3.50000000,50,2024-04-02 02:35:56.032970,taker
C-ETH-4000-260424,98.00000000,9,2024-04-02 02:36:40.618912,taker
P-ETH-3200-050424,24.30000000,9,2024-04-02 02:36:42.061060,taker
C-ETH-3660-030424,3.60000000,45,2024-04-02 02:36:45.675906,taker
P-ETH-3400-020424,22.50000000,1,2024-04-02 02:37:32.178306,taker
P-ETH-3400-020424,22.80000000,1,2024-04-02 02:37:32.460347,taker
P-ETH-2800-310524,131.20000000,5,2024-04-02 02:37:33.082389,taker
P-ETH-3400-020424,23.50000000,1,2024-04-02 02:37:35.122839,taker
P-ETH-3400-020424,24.00000000,1,2024-04-02 02:37:35.122888,taker
P-ETH-3400-020424,25.00000000,1,2024-04-02 02:37:35.122904,taker
P-ETH-3400-020424,35.00000000,1,2024-04-02 02:37:40.856971,taker
P-ETH-2800-120424,20.00000000,20,2024-04-02 02:37:42.883211,taker
P-ETH-3200-120424,89.20000000,1,2024-04-02 02:37:46.764707,taker
P-ETH-3000-120424,45.20000000,1,2024-04-02 02:37:47.585311,taker
C-ETH-3600-120424,83.30000000,1,2024-04-02 02:37:47.692280,taker
P-ETH-3650-120424,330.30000000,1,2024-04-02 02:37:48.549982,taker
C-ETH-4400-120424,6.40000000,1,2024-04-02 02:37:48.700322,taker
C-ETH-3600-030424,8.38000000,570,2024-04-02 02:37:57.061892,maker
C-ETH-3600-030424,8.38000000,570,2024-04-02 02:37:58.504163,maker
C-ETH-3460-020424,4.70000000,25,2024-04-02 02:38:20.594508,taker
P-ETH-3550-050424,198.50000000,62,2024-04-02 02:38:20.726251,taker
P-ETH-3580-020424,202.50000000,710,2024-04-02 02:38:48.977236,taker
P-ETH-3540-020424,162.70000000,710,2024-04-02 02:38:49.201454,taker
P-ETH-3460-020424,85.60000000,1419,2024-04-02 02:38:50.275833,taker
C-ETH-4000-260424,87.00000000,10,2024-04-02 02:39:11.864627,taker
P-ETH-3200-050424,37.20000000,10,2024-04-02 02:39:13.297871,taker
C-ETH-3660-030424,1.80000000,47,2024-04-02 02:39:14.406174,taker
C-ETH-3560-030424,4.60000000,50,2024-04-02 02:39:33.925038,taker
P-ETH-3540-030424,218.80000000,2,2024-04-02 02:39:36.021639,taker
C-ETH-5000-260424,15.80000000,5,2024-04-02 02:39:38.485149,taker
C-ETH-2200-260424,1203.20000000,5,2024-04-02 02:39:38.698511,taker
P-ETH-3440-030424,127.30000000,11,2024-04-02 02:39:44.425570,taker
C-ETH-3760-030424,0.60000000,11,2024-04-02 02:39:44.661320,taker
P-ETH-3600-020424,273.20000000,2,2024-04-02 02:39:57.014558,taker
P-ETH-3460-020424,131.80000000,3,2024-04-02 02:39:57.592848,taker
C-ETH-3600-020424,0.40000000,1,2024-04-02 02:39:58.249577,taker
P-ETH-3400-020424,78.00000000,17,2024-04-02 02:39:58.465810,taker
P-ETH-3440-020424,111.00000000,1,2024-04-02 02:39:59.184663,taker
P-ETH-3420-020424,93.90000000,8,2024-04-02 02:39:59.881840,taker
C-ETH-3640-030424,1.90000000,1,2024-04-02 02:40:00.055692,taker
C-ETH-3600-030424,3.10000000,1,2024-04-02 02:40:00.974243,taker
P-ETH-3440-030424,124.20000000,2,2024-04-02 02:40:01.246696,taker
P-ETH-3540-030424,209.00000000,1,2024-04-02 02:40:03.452243,taker
P-ETH-3420-020424,72.10000000,50,2024-04-02 02:40:49.150638,maker
P-ETH-3320-020424,16.00000000,50,2024-04-02 02:41:34.602189,taker
C-ETH-4000-260424,86.20000000,1,2024-04-02 02:41:41.619304,taker
P-ETH-3200-050424,40.80000000,1,2024-04-02 02:41:42.717587,taker
C-ETH-3660-030424,2.10000000,8,2024-04-02 02:41:44.086864,taker
P-ETH-3550-050424,224.40000000,17,2024-04-02 02:41:47.851580,taker
P-ETH-3580-020424,234.10000000,126,2024-04-02 02:41:58.291680,taker
P-ETH-3540-020424,195.00000000,126,2024-04-02 02:41:58.484636,taker
P-ETH-3460-020424,115.00000000,252,2024-04-02 02:41:59.204014,taker
P-ETH-3600-020424,273.40000000,2,2024-04-02 02:42:39.716114,taker
P-ETH-3460-020424,133.10000000,2,2024-04-02 02:42:39.927928,taker
P-ETH-3400-020424,82.90000000,15,2024-04-02 02:42:40.584433,taker
P-ETH-3440-020424,118.50000000,1,2024-04-02 02:42:40.764184,taker
P-ETH-3420-020424,100.60000000,6,2024-04-02 02:42:41.639823,taker
P-ETH-3440-030424,133.50000000,1,2024-04-02 02:42:41.749633,taker
C-ETH-3560-030424,4.90000000,260,2024-04-02 02:42:43.046227,taker
P-ETH-3400-020424,55.80000000,7,2024-04-02 02:44:05.557171,taker
P-ETH-3420-020424,71.10000000,3,2024-04-02 02:44:05.663134,taker
C-ETH-3480-030424,21.00000000,260,2024-04-02 02:48:09.391411,taker
P-ETH-3420-020424,58.00000000,50,2024-04-02 02:48:35.378607,maker
C-ETH-3600-020424,0.01000000,50,2024-04-02 02:48:48.988497,maker
P-ETH-3280-030424,28.30000000,50,2024-04-02 02:48:58.555447,taker
C-ETH-3700-030424,1.80000000,50,2024-04-02 02:48:59.180768,taker
C-ETH-3700-050424,20.20000000,1,2024-04-02 02:56:10.034051,maker
C-ETH-3400-020424,20.00000000,100,2024-04-02 02:57:26.410483,maker
C-ETH-3400-030424,45.50000000,5,2024-04-02 03:08:08.363703,maker
C-ETH-3460-020424,3.30000000,75,2024-04-02 03:15:37.330184,maker
C-ETH-3460-020424,4.00000000,75,2024-04-02 03:16:38.424595,taker
C-ETH-3720-020424,0.01000000,3,2024-04-02 03:16:46.082686,maker
P-ETH-3280-020424,4.60000000,75,2024-04-02 03:18:34.561471,taker
C-ETH-3680-020424,0.01000000,5600,2024-04-02 03:19:11.779341,maker
C-ETH-3460-020424,3.80000000,75,2024-04-02 03:19:26.004544,taker
P-ETH-3320-030424,42.50000000,200,2024-04-02 03:21:29.057599,taker
P-ETH-3280-020424,5.80000000,100,2024-04-02 03:23:32.326233,taker
C-ETH-3380-020424,20.70000000,10,2024-04-02 03:23:50.047309,taker
C-ETH-3300-120424,215.90000000,1,2024-04-02 03:24:03.619309,taker
P-ETH-3380-040424,87.30000000,10,2024-04-02 03:24:05.120206,maker
C-ETH-3440-020424,6.10000000,100,2024-04-02 03:24:20.306312,taker
C-ETH-3500-020424,0.20000000,2,2024-04-02 03:26:04.741276,maker
P-ETH-3540-020424,181.90000000,164,2024-04-02 03:31:11.505100,taker
P-ETH-3460-020424,102.60000000,329,2024-04-02 03:31:12.677599,taker
P-ETH-3580-020424,221.40000000,164,2024-04-02 03:31:12.768985,taker
C-ETH-3560-020424,0.01000000,70,2024-04-02 03:32:35.797097,maker
P-ETH-3200-030424,9.20000000,50,2024-04-02 03:37:17.787435,maker
C-ETH-3700-030424,1.60000000,50,2024-04-02 03:38:17.574979,maker
C-ETH-3340-030424,80.50000000,100,2024-04-02 03:41:00.998062,taker
P-ETH-3320-020424,12.80000000,15,2024-04-02 03:43:23.710798,taker
C-ETH-3400-020424,13.40000000,100,2024-04-02 03:44:09.835919,maker
C-ETH-3400-030424,44.60000000,5,2024-04-02 03:44:48.738173,taker
C-ETH-3480-020424,0.90000000,100,2024-04-02 03:45:29.894086,maker
C-ETH-4000-260424,94.50000000,1,2024-04-02 03:47:22.421035,taker
C-ETH-3540-020424,0.01000000,100,2024-04-02 03:49:48.143189,maker
P-ETH-3360-020424,25.30000000,100,2024-04-02 03:50:17.685157,maker
P-ETH-3300-050424,65.60000000,300,2024-04-02 03:56:06.010773,maker
C-ETH-3360-040424,84.10000000,50,2024-04-02 04:10:11.064179,taker
P-ETH-3400-020424,51.90000000,1,2024-04-02 04:12:01.207267,taker
C-ETH-3380-020424,19.00000000,500,2024-04-02 04:12:35.876941,maker
C-ETH-3360-020424,27.00000000,100,2024-04-02 04:13:17.026323,maker
C-ETH-3380-020424,13.90000000,10,2024-04-02 04:19:33.120750,maker
C-ETH-3650-050424,22.70000000,25,2024-04-02 04:24:10.688171,maker
C-ETH-3550-190424,152.90000000,25,2024-04-02 04:24:10.689998,taker
C-ETH-3400-020424,11.70000000,100,2024-04-02 04:26:45.735096,taker
P-ETH-3400-020424,50.00000000,100,2024-04-02 04:27:23.202895,taker
C-ETH-3700-120424,63.00000000,50,2024-04-02 04:33:23.047804,maker
P-ETH-3300-050424,59.70000000,15,2024-04-02 04:38:49.384665,taker
C-ETH-3400-020424,15.60000000,15,2024-04-02 04:41:13.376850,maker
P-ETH-3380-020424,29.20000000,1,2024-04-02 04:42:41.271630,maker
P-ETH-3380-020424,34.10000000,1,2024-04-02 04:50:11.587410,taker
C-ETH-3360-020424,26.10000000,1,2024-04-02 04:57:44.434373,maker
C-ETH-3360-020424,27.90000000,1,2024-04-02 05:08:34.902625,taker
C-ETH-3400-020424,7.80000000,15,2024-04-02 05:15:10.928048,maker
C-ETH-3340-030424,64.70000000,100,2024-04-02 05:16:28.292224,maker
P-ETH-3300-050424,70.20000000,1,2024-04-02 05:16:37.365452,maker
P-ETH-3400-020424,62.10000000,100,2024-04-02 05:17:18.845232,taker
P-ETH-3300-020424,8.00000000,5,2024-04-02 05:17:45.344271,maker
P-ETH-3400-020424,60.60000000,1,2024-04-02 05:21:26.972089,maker
P-ETH-3360-020424,34.10000000,5,2024-04-02 05:21:29.514841,taker
P-ETH-3300-020424,7.10000000,5,2024-04-02 05:25:06.135404,maker
P-ETH-3300-310524,322.60000000,200,2024-04-02 05:26:21.048935,maker
C-ETH-3420-020424,3.30000000,20,2024-04-02 05:27:23.808315,maker
P-ETH-3420-020424,71.30000000,20,2024-04-02 05:27:23.901679,maker
P-ETH-3360-020424,26.60000000,5,2024-04-02 05:29:46.327148,maker
C-ETH-3320-030424,80.00000000,25,2024-04-02 05:31:11.810265,taker
C-ETH-3360-020424,23.10000000,10,2024-04-02 05:31:38.601267,taker
P-ETH-3360-030424,60.40000000,50,2024-04-02 05:36:14.459754,taker
P-ETH-3200-030424,11.00000000,70,2024-04-02 05:45:51.325444,taker
C-ETH-3360-020424,23.40000000,100,2024-04-02 05:54:25.526880,maker
P-ETH-3360-020424,21.70000000,100,2024-04-02 05:54:25.527496,maker
P-ETH-3300-020424,1.80000000,5,2024-04-02 06:17:10.832625,maker
C-ETH-3360-020424,32.10000000,100,2024-04-02 06:20:01.389954,taker
C-ETH-3360-020424,30.30000000,1,2024-04-02 06:22:04.737139,maker
P-ETH-2400-260424,18.10000000,20,2024-04-02 06:25:18.629599,maker
C-ETH-3400-020424,9.90000000,50,2024-04-02 06:26:25.325769,maker
P-ETH-3300-020424,2.50000000,5,2024-04-02 06:28:44.753802,taker
P-ETH-3400-020424,34.50000000,1100,2024-04-02 06:35:03.656045,taker
C-ETH-3400-020424,11.50000000,1,2024-04-02 06:35:06.630990,maker
C-ETH-3360-020424,31.40000000,8,2024-04-02 06:35:36.901679,taker
C-ETH-3400-020424,12.90000000,10,2024-04-02 06:36:43.992053,taker
P-ETH-3320-030424,30.00000000,200,2024-04-02 06:43:04.835375,maker
P-ETH-3380-020424,18.30000000,350,2024-04-02 06:47:13.366849,taker
P-ETH-3300-050424,59.80000000,16,2024-04-02 06:50:41.305534,taker
C-ETH-3360-020424,32.30000000,10,2024-04-02 06:51:13.531283,maker
P-ETH-3400-030424,63.70000000,100,2024-04-02 06:51:17.941178,maker
C-ETH-3400-020424,12.40000000,10,2024-04-02 06:52:01.675142,maker
C-ETH-3480-030424,21.50000000,100,2024-04-02 06:52:25.767465,maker
P-ETH-3380-020424,17.90000000,350,2024-04-02 06:53:21.687103,maker
C-ETH-3400-260424,284.10000000,100,2024-04-02 06:53:30.629028,taker
C-ETH-3380-020424,23.00000000,325,2024-04-02 06:56:25.038601,taker
P-ETH-3380-040424,73.80000000,10,2024-04-02 06:57:03.979481,taker
C-ETH-3500-030424,17.40000000,20,2024-04-02 06:57:14.765657,taker
C-ETH-3440-020424,3.90000000,1,2024-04-02 06:59:13.622287,taker
C-ETH-3500-030424,17.10000000,5,2024-04-02 06:59:54.244399,maker
C-ETH-3440-020424,3.90000000,100,2024-04-02 07:04:16.825681,maker
C-ETH-3380-020424,22.90000000,5,2024-04-02 07:05:58.725414,taker
C-ETH-3380-020424,20.70000000,5,2024-04-02 07:10:15.842877,maker
C-ETH-3380-020424,20.10000000,325,2024-04-02 07:10:54.417956,maker
P-ETH-3380-020424,20.40000000,6,2024-04-02 07:11:08.859925,taker
P-ETH-3380-020424,15.60000000,6,2024-04-02 07:30:29.330622,maker
C-ETH-3400-020424,12.00000000,100,2024-04-02 07:36:12.991438,maker
P-ETH-3400-020424,34.30000000,1100,2024-04-02 07:37:40.323687,taker
C-ETH-3360-020424,27.00000000,8,2024-04-02 07:37:44.819430,maker
C-ETH-3440-020424,1.50000000,101,2024-04-02 07:40:37.991743,maker
C-ETH-3360-020424,24.70000000,1,2024-04-02 07:45:45.098747,maker
C-ETH-3400-020424,7.60000000,1,2024-04-02 07:45:54.255732,maker
P-ETH-3360-020424,15.00000000,5,2024-04-02 07:48:36.736624,taker
C-ETH-3400-020424,7.20000000,30,2024-04-02 08:03:15.218687,taker
C-ETH-3360-020424,17.20000000,100,2024-04-02 08:16:08.219140,maker
C-ETH-3400-020424,3.10000000,30,2024-04-02 08:18:21.499154,maker
C-ETH-3460-030424,17.80000000,50,2024-04-02 08:22:16.307831,maker
C-ETH-3500-030424,12.70000000,25,2024-04-02 08:26:16.667767,taker
P-ETH-3360-020424,13.60000000,5,2024-04-02 08:29:29.814795,maker
C-ETH-3360-020424,23.00000000,100,2024-04-02 08:32:38.223920,maker
C-ETH-3380-020424,11.60000000,5,2024-04-02 08:34:06.670295,taker
C-ETH-3640-020424,0.30000000,3,2024-04-02 08:35:04.845949,taker
P-ETH-3340-020424,9.50000000,2,2024-04-02 08:39:42.645812,maker
C-ETH-3380-020424,7.10000000,500,2024-04-02 08:39:46.479129,maker
C-ETH-3380-020424,4.70000000,5,2024-04-02 08:41:44.263172,maker
P-ETH-3340-020424,10.70000000,5,2024-04-02 08:43:45.609907,taker
P-ETH-3360-020424,29.00000000,100,2024-04-02 08:51:20.193001,maker
P-ETH-3340-020424,17.30000000,8,2024-04-02 08:55:06.081759,taker
P-ETH-3360-020424,34.30000000,2509,2024-04-02 08:56:14.255767,taker
P-ETH-3360-020424,34.80000000,715,2024-04-02 08:56:14.256783,taker
P-ETH-3380-020424,50.80000000,2521,2024-04-02 08:56:14.448786,taker
P-ETH-3380-020424,51.30000000,829,2024-04-02 08:56:14.449728,taker
C-ETH-3400-030424,25.00000000,400,2024-04-02 09:03:35.721684,maker
P-ETH-2900-310524,195.20000000,16,2024-04-02 09:04:29.211489,taker
P-ETH-2800-310524,164.10000000,4,2024-04-02 09:04:30.069104,taker
P-ETH-3300-020424,8.70000000,6,2024-04-02 09:05:07.282052,taker
P-ETH-3320-020424,14.70000000,40,2024-04-02 09:05:12.893098,taker
P-ETH-3340-020424,26.10000000,8,2024-04-02 09:08:07.635390,maker
P-ETH-3260-020424,1.40000000,100,2024-04-02 09:08:25.377434,taker
P-ETH-3320-020424,4.10000000,40,2024-04-02 09:18:10.095250,maker
C-ETH-3000-050424,363.40000000,40,2024-04-02 09:21:25.560893,maker
C-ETH-3340-020424,16.60000000,10,2024-04-02 09:26:04.274019,taker
P-ETH-3150-050424,30.20000000,300,2024-04-02 09:38:17.030333,maker
C-ETH-3460-030424,12.50000000,20,2024-04-02 09:40:04.691172,taker
C-ETH-3380-020424,2.60000000,7,2024-04-02 09:44:00.747391,taker
P-ETH-3340-020424,7.70000000,5,2024-04-02 09:47:31.803702,maker
C-ETH-3500-020424,0.01000000,3,2024-04-02 09:49:04.688708,maker
C-ETH-3520-030424,6.60000000,50,2024-04-02 09:49:55.511706,taker
C-ETH-3400-030424,32.00000000,20,2024-04-02 09:51:36.653831,maker
C-ETH-3400-030424,28.60000000,20,2024-04-02 09:58:34.727122,maker
C-ETH-3400-030424,29.70000000,30,2024-04-02 09:59:09.897316,taker
C-ETH-3760-030424,0.50000000,9,2024-04-02 10:02:28.749700,taker
C-ETH-3360-020424,2.70000000,100,2024-04-02 10:04:19.780051,maker
P-ETH-3320-020424,4.10000000,150,2024-04-02 10:10:08.234239,taker
C-ETH-3460-030424,12.20000000,50.000000000000000000,2024-04-02 10:11:54.577873,maker
C-ETH-3560-030424,2.50000000,50.000000000000000000,2024-04-02 10:14:27.884881,maker
C-ETH-3700-120424,44.30000000,50,2024-04-02 10:14:34.974179,maker
C-ETH-3320-020424,19.60000000,3,2024-04-02 10:16:08.018093,taker
P-ETH-3440-030424,107.70000000,10,2024-04-02 10:24:09.957058,maker
P-ETH-3340-020424,11.40000000,100,2024-04-02 10:36:14.647063,maker
C-ETH-3340-020424,7.30000000,100,2024-04-02 10:36:14.647951,maker
P-ETH-3200-030424,11.00000000,20,2024-04-02 10:39:30.158586,taker
C-ETH-3600-020424,0.01000000,970,2024-04-02 10:39:40.424716,maker
C-ETH-6000-260424,3.30000000,1,2024-04-02 10:56:31.508242,maker
C-ETH-6100-260424,3.10000000,5,2024-04-02 10:57:50.818514,taker
P-ETH-3200-030424,11.60000000,5,2024-04-02 11:01:05.579925,taker
C-ETH-3500-030424,6.10000000,8,2024-04-02 11:03:36.436524,taker
C-ETH-3320-020424,5.80000000,3,2024-04-02 11:05:45.247584,maker
C-ETH-3840-020424,0.01000000,1,2024-04-02 11:11:00.973527,maker
C-ETH-3840-020424,0.01000000,1,2024-04-02 11:11:20.247033,maker
P-ETH-3340-020424,30.10000000,2,2024-04-02 11:11:45.209717,maker
P-ETH-3100-120424,68.60000000,60,2024-04-02 11:13:08.625367,maker
P-ETH-3320-020424,13.30000000,150,2024-04-02 11:16:21.901208,maker
P-ETH-2400-260424,21.50000000,20,2024-04-02 11:19:20.388732,taker
P-ETH-3320-020424,33.00000000,2,2024-04-02 11:20:49.362835,taker
P-ETH-3240-030424,34.40000000,300,2024-04-02 11:20:51.760619,taker
P-ETH-3240-030424,31.00000000,80,2024-04-02 11:22:05.930172,taker
P-ETH-3320-020424,18.70000000,2,2024-04-02 11:22:21.687283,maker
P-ETH-3300-030424,55.70000000,100,2024-04-02 11:24:46.543429,taker
C-ETH-3400-020424,0.30000000,50,2024-04-02 11:24:53.817366,taker
P-ETH-3280-020424,1.70000000,50,2024-04-02 11:28:01.465586,taker
P-ETH-3320-020424,29.10000000,50,2024-04-02 11:29:15.215239,maker
C-ETH-3360-040424,43.70000000,35,2024-04-02 11:30:06.001119,maker
C-ETH-3340-020424,0.30000000,120,2024-04-02 11:31:45.521393,taker
C-ETH-3620-020424,0.01000000,2200,2024-04-02 11:32:42.496242,maker
C-ETH-3840-020424,0.01000000,8000,2024-04-02 11:33:05.395642,maker
P-ETH-3540-020424,248.40000000,100,2024-04-02 11:33:30.676819,taker
P-ETH-3200-030424,21.00000000,10,2024-04-02 11:38:35.951963,taker
C-ETH-3480-030424,6.40000000,260,2024-04-02 11:40:27.308633,taker
C-ETH-3340-020424,0.01000000,120,2024-04-02 11:41:18.659820,maker
C-ETH-3380-030424,22.10000000,160,2024-04-02 11:41:51.692396,taker
C-ETH-3500-020424,0.01000000,90,2024-04-02 11:42:08.986510,maker
P-ETH-3300-020424,5.50000000,9,2024-04-02 11:45:23.551643,taker
C-ETH-3300-020424,1.10000000,3385.000000000000000000,2024-04-02 11:51:14.908227,maker
C-ETH-3300-020424,1.00000000,615.000000000000000000,2024-04-02 11:51:14.908982,maker
P-ETH-3150-050424,36.10000000,100,2024-04-02 11:52:08.095917,taker
P-ETH-3600-020424,306.50000000,50,2024-04-02 11:52:21.175663,taker
P-ETH-3150-050424,35.70000000,100,2024-04-02 11:52:34.287043,taker
P-ETH-3300-050424,83.90000000,100,2024-04-02 11:52:39.030830,maker
P-ETH-3300-020424,2.70000000,2000,2024-04-02 11:52:43.014212,taker
P-ETH-3300-020424,2.50000000,2000,2024-04-02 11:52:45.446394,maker
C-ETH-3440-020424,0.01000000,100,2024-04-02 11:53:13.997855,maker
C-ETH-3460-020424,0.01000000,75,2024-04-02 11:53:25.159067,maker
P-ETH-3150-050424,36.80000000,100,2024-04-02 11:53:25.396889,maker
P-ETH-3280-020424,0.01000000,175,2024-04-02 11:53:31.295057,maker
C-ETH-3300-020424,1.30000000,2000,2024-04-02 11:54:11.340661,taker
P-ETH-3300-120424,140.50000000,50,2024-04-02 11:56:05.844862,taker
P-ETH-3240-020424,0.01000000,100,2024-04-02 11:58:00.324806,maker
P-ETH-3240-020424,0.01000000,100,2024-04-02 11:58:54.415377,maker
P-ETH-3240-020424,0.01000000,100,2024-04-02 11:59:03.734391,maker
P-ETH-3240-020424,0.01000000,100,2024-04-02 11:59:10.782191,maker
P-ETH-3400-020424,101.36862069,1,2024-04-02 12:00:00.490352,taker
P-ETH-3600-020424,301.36862069,50,2024-04-02 12:00:00.803801,taker
P-ETH-3300-020424,1.36862069,4000,2024-04-02 12:00:00.963658,taker
P-ETH-3600-020424,301.36862069,1,2024-04-02 12:00:02.390716,taker
P-ETH-3320-020424,21.36862069,100,2024-04-02 12:00:02.407914,taker
P-ETH-3340-020424,41.36862069,100,2024-04-02 12:00:03.089683,taker
C-ETH-3300-030424,53.20000000,50,2024-04-02 12:05:35.294243,maker
C-ETH-3340-040424,55.00000000,10,2024-04-02 12:06:49.391167,taker
C-ETH-3300-030424,55.00000000,8,2024-04-02 12:06:56.566703,taker
C-ETH-3400-030424,21.00000000,12,2024-04-02 12:09:22.441266,taker
P-ETH-3300-040424,63.00000000,10,2024-04-02 12:11:49.403179,taker
C-ETH-3300-030424,62.10000000,10,2024-04-02 12:12:52.710006,taker
C-ETH-3460-030424,10.60000000,100,2024-04-02 12:21:45.739727,taker
P-ETH-3600-050424,281.00000000,1,2024-04-02 12:24:05.689639,maker
P-ETH-3200-030424,12.30000000,10,2024-04-02 12:25:05.159128,taker
P-ETH-3260-030424,25.90000000,50,2024-04-02 12:27:55.352566,maker
C-ETH-3420-030424,17.60000000,50,2024-04-02 12:29:40.162138,maker
C-ETH-3300-030424,65.30000000,10,2024-04-02 12:30:13.611918,maker
C-ETH-3300-030424,61.00000000,99,2024-04-02 12:42:14.240870,maker
P-ETH-3300-030424,46.00000000,10,2024-04-02 12:47:55.117076,taker
P-ETH-3300-030424,47.70000000,5,2024-04-02 12:50:16.165672,taker
P-ETH-3320-030424,61.00000000,1,2024-04-02 12:51:21.932674,taker
C-ETH-3500-030424,2.90000000,20,2024-04-02 12:54:06.932477,taker
C-ETH-3400-030424,15.70000000,1,2024-04-02 12:54:59.637347,taker
P-ETH-3380-030424,98.10000000,2,2024-04-02 12:56:44.331598,maker
P-ETH-3300-030424,49.70000000,5,2024-04-02 12:57:16.516498,maker
P-ETH-3200-030424,17.70000000,20,2024-04-02 12:59:11.820835,maker
C-ETH-3550-050424,16.50000000,100,2024-04-02 13:02:39.339495,taker
P-ETH-3240-030424,33.00000000,1,2024-04-02 13:06:39.967837,taker
P-ETH-3240-030424,33.10000000,1,2024-04-02 13:06:47.853041,taker
P-ETH-3240-030424,32.40000000,25,2024-04-02 13:07:16.463443,taker
P-ETH-3280-030424,48.20000000,5,2024-04-02 13:07:39.443972,taker
C-ETH-3360-040424,39.10000000,85,2024-04-02 13:10:45.285774,maker
C-ETH-2700-120424,614.90000000,25,2024-04-02 13:13:18.912754,taker
P-ETH-3280-040424,58.70000000,40,2024-04-02 13:15:14.260474,taker
C-ETH-3280-030424,55.40000000,1,2024-04-02 13:18:58.021281,maker
P-ETH-3280-030424,43.80000000,1,2024-04-02 13:18:58.021324,maker
P-ETH-3150-050424,37.30000000,100,2024-04-02 13:19:09.446891,taker
C-ETH-3280-030424,53.70000000,1,2024-04-02 13:19:12.016164,maker
P-ETH-3280-030424,45.60000000,1,2024-04-02 13:19:12.023719,maker
P-ETH-3320-030424,71.10000000,1,2024-04-02 13:23:25.542751,taker
P-ETH-3150-050424,40.20000000,100,2024-04-02 13:23:55.602576,taker
C-ETH-3340-030424,22.10000000,150,2024-04-02 13:26:20.898319,maker
P-ETH-3220-030424,31.90000000,150,2024-04-02 13:26:21.164310,maker
P-ETH-3200-030424,28.40000000,70,2024-04-02 13:26:38.964193,taker
P-ETH-3000-050424,20.00000000,50.000000000000000000,2024-04-02 13:26:53.671434,taker
C-ETH-3460-030424,4.60000000,20,2024-04-02 13:27:29.686137,taker
P-ETH-3240-030424,42.60000000,1,2024-04-02 13:28:08.119531,taker
P-ETH-3240-030424,40.70000000,40,2024-04-02 13:28:38.278320,taker
P-ETH-3160-030424,20.50000000,50,2024-04-02 13:33:54.595050,taker
P-ETH-3240-030424,48.70000000,1,2024-04-02 13:34:09.012295,taker
P-ETH-3240-030424,46.30000000,35,2024-04-02 13:34:37.840847,taker
C-ETH-3400-040424,22.00000000,30,2024-04-02 13:35:10.185163,taker
C-ETH-3420-030424,7.50000000,50,2024-04-02 13:35:17.297188,taker
P-ETH-3260-030424,51.80000000,50,2024-04-02 13:36:15.139061,maker
P-ETH-3240-030424,50.20000000,1,2024-04-02 13:38:35.900373,taker
P-ETH-3240-030424,49.60000000,20,2024-04-02 13:38:46.755532,taker
C-ETH-3300-030424,31.40000000,8,2024-04-02 13:40:55.220969,taker
C-ETH-3650-050424,8.00000000,25,2024-04-02 13:42:04.912312,taker
P-ETH-3280-040424,79.10000000,40,2024-04-02 13:47:32.879632,taker
C-ETH-3260-030424,59.90000000,108,2024-04-02 13:50:50.632616,taker
C-ETH-3550-050424,16.00000000,25,2024-04-02 13:51:11.955498,maker
P-ETH-3300-260424,242.40000000,100,2024-04-02 13:52:54.034703,maker
P-ETH-3240-030424,45.00000000,100,2024-04-02 13:52:59.035645,maker
P-ETH-3240-030424,40.80000000,50,2024-04-02 13:57:20.642155,taker
P-ETH-3350-050424,130.00000000,100.000000000000000000,2024-04-02 13:58:36.573293,taker
P-ETH-3120-030424,9.20000000,100,2024-04-02 13:59:46.608129,taker
C-ETH-3300-030424,44.90000000,100,2024-04-02 14:03:01.257115,taker
C-ETH-3520-030424,1.80000000,50,2024-04-02 14:05:28.915429,maker
C-ETH-6000-260424,6.80000000,1,2024-04-02 14:14:47.237721,taker
C-ETH-6100-260424,6.40000000,5,2024-04-02 14:15:48.800493,taker
P-ETH-3260-030424,35.40000000,50,2024-04-02 14:16:32.960825,taker
P-ETH-3280-030424,42.30000000,5,2024-04-02 14:16:56.351398,maker
C-ETH-3400-030424,17.20000000,50,2024-04-02 14:17:17.702464,taker
C-ETH-3300-030424,52.00000000,100,2024-04-02 14:18:45.669272,maker
C-ETH-3300-040424,75.10000000,5,2024-04-02 14:20:57.746440,taker
C-ETH-4000-310524,215.00000000,10,2024-04-02 14:27:25.138193,taker
C-ETH-3450-050424,38.70000000,1,2024-04-02 14:27:41.376699,taker
P-ETH-3340-030424,67.80000000,5,2024-04-02 14:27:49.461777,maker
P-ETH-3240-030424,25.20000000,30,2024-04-02 14:29:58.130039,taker
C-ETH-3380-050424,62.00000000,10,2024-04-02 14:30:51.311420,taker
P-ETH-3260-030424,28.90000000,50,2024-04-02 14:31:30.327563,taker
C-ETH-3340-030424,38.80000000,3,2024-04-02 14:32:03.715914,taker
P-ETH-3240-030424,24.40000000,250,2024-04-02 14:33:10.819829,maker
P-ETH-3240-030424,24.40000000,250,2024-04-02 14:33:11.712088,maker
C-ETH-3300-030424,59.00000000,100,2024-04-02 14:37:47.654899,maker
C-ETH-3400-040424,37.80000000,30,2024-04-02 14:38:09.761461,taker
P-ETH-3340-030424,66.70000000,5,2024-04-02 14:39:12.272269,taker
C-ETH-3300-030424,57.00000000,10,2024-04-02 14:40:50.445985,taker
P-ETH-3160-030424,7.70000000,30,2024-04-02 14:41:26.750164,maker
C-ETH-3340-030424,33.30000000,3,2024-04-02 14:48:35.479696,maker
P-ETH-3200-030424,14.90000000,28,2024-04-02 14:49:34.492391,maker
P-ETH-3120-030424,4.80000000,3,2024-04-02 14:56:52.092587,maker
C-ETH-3300-030424,45.00000000,100,2024-04-02 14:56:57.780638,taker
C-ETH-3400-030424,13.60000000,25,2024-04-02 14:57:13.091523,maker
C-ETH-3300-030424,43.40000000,100,2024-04-02 14:58:10.975937,maker
P-ETH-3300-030424,51.80000000,1,2024-04-02 14:59:56.108343,taker
P-ETH-3260-050424,69.00000000,100,2024-04-02 15:06:31.517220,maker
C-ETH-3480-030424,4.10000000,500,2024-04-02 15:10:08.184426,maker
P-ETH-3300-030424,43.80000000,1,2024-04-02 15:13:33.326545,taker
C-ETH-3480-030424,3.80000000,500,2024-04-02 15:18:46.727570,taker
P-ETH-3300-030424,48.80000000,1,2024-04-02 15:21:25.825480,taker
P-ETH-3300-030424,48.50000000,60,2024-04-02 15:21:48.698405,taker
C-ETH-3400-030424,12.00000000,10,2024-04-02 15:23:55.550443,taker
C-ETH-3440-030424,6.80000000,75,2024-04-02 15:25:42.014709,taker
C-ETH-3260-040424,90.50000000,50,2024-04-02 15:26:45.471135,maker
C-ETH-3200-040424,127.10000000,25,2024-04-02 15:29:37.054780,taker
C-ETH-3400-030424,11.90000000,10,2024-04-02 15:30:05.557548,taker
C-ETH-3250-050424,114.50000000,40,2024-04-02 15:31:46.925855,taker
P-ETH-3300-030424,53.78000000,100,2024-04-02 15:33:43.879719,maker
P-ETH-3200-030424,16.80000000,28,2024-04-02 15:34:01.653139,taker
P-ETH-3220-030424,21.30000000,251,2024-04-02 15:36:09.068330,taker
P-ETH-3150-050424,40.20000000,1,2024-04-02 15:39:19.278273,taker
P-ETH-3300-030424,59.00000000,1,2024-04-02 15:39:36.506184,taker
P-ETH-3300-030424,60.70000000,100,2024-04-02 15:40:39.484381,maker
P-ETH-3280-030424,50.00000000,100,2024-04-02 15:40:40.258623,maker
C-ETH-3300-040424,51.70000000,5,2024-04-02 15:41:20.748536,maker
C-ETH-3400-030424,8.50000000,1,2024-04-02 15:44:34.780015,taker
P-ETH-3260-050424,81.10000000,100,2024-04-02 15:49:34.680143,maker
P-ETH-3240-030424,42.20000000,80,2024-04-02 15:54:45.020613,maker
C-ETH-3400-030424,6.10000000,80,2024-04-02 15:56:51.448870,taker
C-ETH-3300-030424,21.40000000,6,2024-04-02 15:58:50.582032,maker
C-ETH-3380-030424,7.90000000,160,2024-04-02 16:00:14.053165,taker
P-ETH-3400-030424,168.30000000,160,2024-04-02 16:01:12.084407,taker
P-ETH-3220-040424,67.10000000,100,2024-04-02 16:04:51.086759,maker
P-ETH-3600-260424,453.90000000,96,2024-04-02 16:05:18.818030,taker
C-ETH-3600-260424,133.20000000,96,2024-04-02 16:05:18.914821,taker
C-ETH-3220-040424,82.20000000,100,2024-04-02 16:06:24.799263,maker
P-ETH-3240-030424,50.10000000,1,2024-04-02 16:06:38.275052,taker
P-ETH-3240-030424,47.60000000,1,2024-04-02 16:06:49.673330,taker
P-ETH-3240-030424,48.20000000,30,2024-04-02 16:07:26.581591,taker
P-ETH-3200-030424,30.80000000,10,2024-04-02 16:08:55.856193,taker
P-ETH-3200-030424,35.40000000,20,2024-04-02 16:09:19.301673,taker
P-ETH-3160-030424,20.30000000,20,2024-04-02 16:09:45.718328,taker
P-ETH-3160-030424,18.70000000,1,2024-04-02 16:10:25.385256,taker
P-ETH-3280-030424,61.00000000,100,2024-04-02 16:15:05.721935,maker
C-ETH-3700-030424,0.40000000,24,2024-04-02 16:15:45.409199,taker
P-ETH-3200-030424,29.70000000,24,2024-04-02 16:15:45.911670,taker
P-ETH-3200-030424,31.40000000,26,2024-04-02 16:17:06.170275,taker
C-ETH-3700-030424,0.40000000,26,2024-04-02 16:17:06.181038,taker
P-ETH-3240-030424,48.00000000,100,2024-04-02 16:18:04.988723,maker
P-ETH-3200-030424,34.00000000,20,2024-04-02 16:19:10.037458,taker
P-ETH-3240-030424,51.00000000,100,2024-04-02 16:20:21.482825,taker
C-ETH-3220-030424,52.00000000,100,2024-04-02 16:20:23.676761,maker
P-ETH-3200-030424,36.40000000,5,2024-04-02 16:20:59.005449,maker
P-ETH-3150-050424,56.00000000,15,2024-04-02 16:23:11.597353,maker
P-ETH-3200-030424,28.20000000,150,2024-04-02 16:28:23.167511,maker
C-ETH-3260-030424,40.60000000,46,2024-04-02 16:29:38.806190,taker
C-ETH-3220-040424,89.40000000,100,2024-04-02 16:32:38.550848,taker
P-ETH-3220-040424,54.00000000,100,2024-04-02 16:32:38.555029,taker
C-ETH-3220-030424,62.30000000,100,2024-04-02 16:32:54.540125,maker
P-ETH-3240-030424,37.60000000,100,2024-04-02 16:32:54.544507,maker
P-ETH-3120-030424,5.90000000,10,2024-04-02 16:34:04.689851,maker
C-ETH-3200-260424,289.00000000,100,2024-04-02 16:34:34.108277,taker
C-ETH-3500-030424,0.60000000,10,2024-04-02 16:35:49.537142,maker
P-ETH-3300-260424,241.00000000,100,2024-04-02 16:36:06.880582,taker
P-ETH-3200-030424,22.50000000,20,2024-04-02 16:36:13.996784,maker
C-ETH-2800-190424,525.50000000,25,2024-04-02 16:37:04.651363,taker
P-ETH-3200-030424,19.10000000,1,2024-04-02 16:37:29.881065,maker
P-ETH-3180-030424,16.20000000,2,2024-04-02 16:37:56.910319,taker
C-ETH-3380-040424,24.10000000,100,2024-04-02 16:41:32.872555,maker
C-ETH-3400-030424,5.20000000,10,2024-04-02 16:41:54.659874,maker
P-ETH-3120-030424,5.30000000,10,2024-04-02 16:42:20.908902,maker
C-ETH-3260-040424,64.00000000,90,2024-04-02 16:44:33.835884,maker
P-ETH-3140-040424,29.00000000,100,2024-04-02 16:45:27.411701,taker
C-ETH-3400-030424,6.00000000,400.000000000000000000,2024-04-02 16:50:12.186961,taker
P-ETH-3200-030424,19.90000000,150,2024-04-02 16:51:06.083761,taker
P-ETH-3220-030424,25.30000000,170,2024-04-02 16:52:14.041834,taker
C-ETH-3180-030424,100.80000000,9,2024-04-02 16:52:25.472167,taker
C-ETH-3380-040424,27.70000000,100,2024-04-02 16:53:54.150120,taker
C-ETH-3260-030424,46.70000000,46,2024-04-02 16:55:17.018617,maker
P-ETH-3220-030424,26.30000000,49,2024-04-02 16:57:59.678784,taker
P-ETH-3220-030424,27.40000000,101,2024-04-02 16:58:34.652362,taker
C-ETH-3180-030424,93.10000000,9,2024-04-02 17:03:50.371426,maker
C-ETH-3360-040424,30.50000000,100,2024-04-02 17:05:50.616404,taker
P-ETH-3220-030424,24.80000000,200,2024-04-02 17:06:29.115059,maker
P-ETH-3200-030424,18.60000000,8,2024-04-02 17:11:28.911002,maker
C-ETH-3300-030424,27.50000000,1,2024-04-02 17:11:28.963137,taker
C-ETH-3400-040424,18.70000000,25,2024-04-02 17:14:46.832594,maker
P-ETH-3200-040424,39.00000000,25,2024-04-02 17:16:50.501547,maker
C-ETH-3240-030424,47.90000000,1,2024-04-02 17:22:44.075887,maker
C-ETH-3500-120424,65.80000000,50,2024-04-02 17:22:49.684899,maker
C-ETH-3320-030424,15.70000000,6,2024-04-02 17:30:19.793086,maker
C-ETH-3250-120424,166.20000000,250,2024-04-02 17:35:38.219036,taker
P-ETH-3000-050424,17.20000000,100,2024-04-02 17:37:02.917755,maker
C-ETH-3500-050424,15.90000000,100,2024-04-02 17:37:52.949801,maker
C-ETH-3450-120424,83.00000000,500,2024-04-02 17:40:03.998647,taker
C-ETH-3650-050424,7.30000000,50,2024-04-02 17:57:30.668145,taker
P-ETH-3200-030424,14.40000000,8,2024-04-02 17:57:53.236007,maker
C-ETH-3650-050424,6.70000000,50,2024-04-02 17:58:52.631843,maker
C-ETH-3650-050424,8.00000000,10,2024-04-02 18:00:29.876291,taker
C-ETH-3650-050424,7.30000000,10,2024-04-02 18:01:41.048930,maker
C-ETH-3650-050424,6.90000000,10,2024-04-02 18:02:32.080760,maker
C-ETH-3650-050424,7.80000000,10,2024-04-02 18:03:00.619681,taker
C-ETH-3500-030424,0.90000000,20,2024-04-02 18:07:27.900927,taker
C-ETH-3600-030424,0.01000000,1000,2024-04-02 18:07:39.603760,maker
C-ETH-3400-030424,3.40000000,1,2024-04-02 18:10:22.981255,maker
C-ETH-2800-190424,532.90000000,15,2024-04-02 18:15:28.364619,taker
C-ETH-3400-030424,5.00000000,1,2024-04-02 18:15:53.417561,taker
P-ETH-3220-030424,18.80000000,500,2024-04-02 18:16:53.448700,maker
P-ETH-3220-030424,17.20000000,49,2024-04-02 18:20:10.806037,maker
C-ETH-3260-050424,91.50000000,2,2024-04-02 18:26:10.156104,taker
C-ETH-3260-050424,88.80000000,2,2024-04-02 18:27:16.136861,maker
C-ETH-3260-050424,92.40000000,2,2024-04-02 18:29:10.027598,taker
C-ETH-3260-050424,89.50000000,2,2024-04-02 18:29:34.482867,maker
C-ETH-3260-050424,91.10000000,2,2024-04-02 18:30:15.321298,taker
C-ETH-3260-050424,89.20000000,2,2024-04-02 18:30:49.161044,maker
C-ETH-3260-050424,88.00000000,1,2024-04-02 18:31:42.318569,maker
C-ETH-3260-050424,89.70000000,1,2024-04-02 18:32:25.088054,taker
P-ETH-3200-030424,14.90000000,100,2024-04-02 18:37:44.447027,taker
C-ETH-3260-050424,89.90000000,1,2024-04-02 18:41:04.417794,taker
C-ETH-3260-050424,89.60000000,1,2024-04-02 18:44:02.204770,maker
C-ETH-3260-050424,93.30000000,4,2024-04-02 18:46:35.840732,taker
P-ETH-3200-030424,11.40000000,100,2024-04-02 18:47:18.704944,maker
C-ETH-3260-050424,92.90000000,4,2024-04-02 18:48:04.810577,maker
C-ETH-3260-050424,96.80000000,3,2024-04-02 18:48:50.565773,taker
P-ETH-3240-030424,28.33000000,146,2024-04-02 18:48:53.603403,maker
P-ETH-3200-030424,19.36000000,16,2024-04-02 18:48:53.867346,maker
P-ETH-3160-030424,13.71000000,11,2024-04-02 18:48:53.873306,maker
P-ETH-3240-030424,28.33000000,146,2024-04-02 18:48:54.508096,maker
P-ETH-3200-030424,19.36000000,16,2024-04-02 18:48:54.512662,maker
P-ETH-3160-030424,13.71000000,11,2024-04-02 18:48:54.516257,maker
P-ETH-3220-030424,15.80000000,150,2024-04-02 18:50:28.429348,taker
C-ETH-3340-030424,17.30000000,150,2024-04-02 18:50:31.067441,taker
C-ETH-3240-030424,66.30000000,1,2024-04-02 18:50:48.813451,taker
C-ETH-3260-050424,97.90000000,3,2024-04-02 18:50:51.538425,maker
C-ETH-3400-030424,5.80000000,300,2024-04-02 18:52:32.214691,taker
C-ETH-3280-040424,61.80000000,200,2024-04-02 18:55:37.238008,maker
C-ETH-3260-050424,95.10000000,3,2024-04-02 18:59:31.943374,taker
C-ETH-3260-050424,93.30000000,3,2024-04-02 19:00:18.889707,maker
C-ETH-3250-050424,104.40000000,2,2024-04-02 19:01:38.547673,taker
C-ETH-3250-050424,101.10000000,2,2024-04-02 19:04:55.218504,maker
C-ETH-3250-050424,101.70000000,2,2024-04-02 19:06:30.437418,maker
C-ETH-3250-050424,103.30000000,2,2024-04-02 19:07:33.467047,taker
P-ETH-3280-030424,38.10000000,250,2024-04-02 19:10:18.569785,taker
P-ETH-3280-030424,38.10000000,101,2024-04-02 19:10:33.753681,taker
C-ETH-3400-190424,162.80000000,31,2024-04-02 19:13:37.419009,taker
C-ETH-3400-190424,162.70000000,31,2024-04-02 19:13:42.638707,taker
C-ETH-3400-190424,162.30000000,31,2024-04-02 19:13:49.797484,taker
C-ETH-3400-190424,162.30000000,31,2024-04-02 19:13:56.035567,taker
C-ETH-3400-190424,163.10000000,31,2024-04-02 19:13:59.627286,taker
C-ETH-3400-190424,162.70000000,31,2024-04-02 19:14:06.744768,taker
C-ETH-3300-040424,50.00000000,200,2024-04-02 19:30:10.793097,maker
P-ETH-3220-030424,15.00000000,200,2024-04-02 19:36:06.685404,maker
C-ETH-3260-030424,45.00000000,100,2024-04-02 19:46:50.283852,maker
C-ETH-3300-030424,25.20000000,1,2024-04-02 19:49:52.448353,taker
C-ETH-3280-030424,35.20000000,4,2024-04-02 20:01:27.436517,taker
P-ETH-3080-040424,8.90000000,1,2024-04-02 20:02:59.345788,maker
P-ETH-3080-040424,9.00000000,1,2024-04-02 20:03:43.971716,maker
C-ETH-3280-030424,38.50000000,4,2024-04-02 20:08:01.811316,maker
C-ETH-3280-030424,41.60000000,2,2024-04-02 20:13:05.749443,maker
C-ETH-3280-040424,72.10000000,200,2024-04-02 20:13:12.071226,taker
C-ETH-3280-030424,43.20000000,2,2024-04-02 20:14:18.180655,taker
C-ETH-3280-030424,42.40000000,2,2024-04-02 20:15:04.863523,taker
C-ETH-3280-030424,39.00000000,9,2024-04-02 20:22:17.778558,taker
C-ETH-3280-030424,33.80000000,9,2024-04-02 20:32:26.420185,maker
P-ETH-3300-030424,45.90000000,6,2024-04-02 20:35:33.594207,taker
C-ETH-3300-040424,50.00000000,200,2024-04-02 20:38:22.940087,maker
C-ETH-3260-030424,40.00000000,100,2024-04-02 20:40:46.349238,maker
P-ETH-3300-030424,47.30000000,6,2024-04-02 20:45:34.093494,maker
C-ETH-3240-040424,81.40000000,120,2024-04-02 20:53:50.197066,maker
C-ETH-3260-030424,38.00000000,100,2024-04-02 21:05:10.314111,maker
C-ETH-3260-030424,38.00000000,100,2024-04-02 21:05:10.314172,maker
C-ETH-3260-030424,34.30000000,1,2024-04-02 21:11:16.310771,maker
P-ETH-3240-030424,22.00000000,9,2024-04-02 21:11:31.250406,maker
C-ETH-3260-030424,36.70000000,100,2024-04-02 21:15:27.270876,maker
C-ETH-3260-030424,36.90000000,100,2024-04-02 21:16:52.564966,maker
C-ETH-3260-030424,36.60000000,100,2024-04-02 21:18:36.043336,maker
C-ETH-3260-030424,36.00000000,100,2024-04-02 21:18:37.567100,maker
C-ETH-3260-030424,36.00000000,100,2024-04-02 21:18:37.567152,maker
C-ETH-3260-030424,36.00000000,100,2024-04-02 21:18:37.567169,maker
C-ETH-3260-030424,36.00000000,100,2024-04-02 21:18:37.567184,maker
C-ETH-3260-030424,36.00000000,100,2024-04-02 21:18:37.567198,maker
C-ETH-3260-030424,36.00000000,100,2024-04-02 21:18:37.567213,maker
C-ETH-3260-030424,29.40000000,108,2024-04-02 21:26:15.140512,maker
P-ETH-3300-030424,60.00000000,100,2024-04-02 21:26:18.569485,taker
C-ETH-3300-040424,40.00000000,200,2024-04-02 21:26:18.878215,maker
P-ETH-3140-050424,40.00000000,10,2024-04-02 21:26:57.586465,taker
P-ETH-3280-030424,33.00000000,90,2024-04-02 22:23:30.303727,maker
C-ETH-3260-040424,74.00000000,90,2024-04-02 22:44:43.669974,taker
C-ETH-3240-040424,97.20000000,120,2024-04-02 22:53:44.165445,maker
C-ETH-3300-040424,58.00000000,200,2024-04-02 23:23:34.172016,maker
C-ETH-3300-040424,51.30000000,90,2024-04-02 23:34:10.503386,maker
C-ETH-3400-030424,1.10000000,155,2024-04-02 23:35:18.839886,maker
C-ETH-3360-030424,4.60000000,50,2024-04-02 23:37:40.682156,maker
P-ETH-3120-030424,0.80000000,20,2024-04-02 23:43:33.764533,taker
C-ETH-3400-030424,1.80000000,10,2024-04-02 23:43:33.768190,taker
C-ETH-3500-030424,0.40000000,10,2024-04-02 23:43:33.770319,taker
C-ETH-3260-030424,37.00000000,30,2024-04-03 00:04:02.700482,maker
P-ETH-3200-040424,26.50000000,25,2024-04-03 00:20:34.696256,taker
C-ETH-3400-040424,17.50000000,25,2024-04-03 00:20:34.696717,taker
P-ETH-3280-030424,32.00000000,45,2024-04-03 00:22:55.409234,taker
C-ETH-3400-030424,1.00000000,12,2024-04-03 00:25:27.189998,maker
C-ETH-3400-030424,0.10000000,300,2024-04-03 00:26:22.318130,maker
C-ETH-3300-030424,15.89000000,3,2024-04-03 00:26:38.400684,maker
C-ETH-3300-030424,15.89000000,3,2024-04-03 00:26:39.375472,maker
C-ETH-3280-030424,19.80000000,2,2024-04-03 00:27:03.106825,taker
P-ETH-3280-030424,36.40000000,2,2024-04-03 00:27:03.109623,taker
P-ETH-3280-030424,38.40000000,45,2024-04-03 00:30:58.675920,maker
P-ETH-3380-030424,138.40000000,2,2024-04-03 00:32:54.126923,taker
C-ETH-3300-040424,35.00000000,400,2024-04-03 00:32:55.384563,maker
C-ETH-3300-040424,30.00000000,800,2024-04-03 00:36:20.716119,maker
P-ETH-3440-030424,220.00000000,10,2024-04-03 00:36:38.498217,taker
P-ETH-3240-030424,43.20000000,1,2024-04-03 00:37:02.264055,maker
P-ETH-3260-030424,60.00000000,100,2024-04-03 00:37:44.694000,taker
P-ETH-3160-030424,14.50000000,14,2024-04-03 00:37:54.548772,taker
P-ETH-3600-260424,475.20000000,63,2024-04-03 00:39:24.331220,taker
C-ETH-3600-260424,119.30000000,63,2024-04-03 00:39:24.420413,taker
P-ETH-3200-030424,20.00000000,100,2024-04-03 00:40:24.638237,taker
P-ETH-3160-030424,5.00000000,200,2024-04-03 00:45:08.893349,maker
P-ETH-3260-030424,24.00000000,100,2024-04-03 00:58:59.823583,maker
C-ETH-3300-040424,46.00000000,400,2024-04-03 00:59:00.176462,taker
P-ETH-3180-030424,4.60000000,100,2024-04-03 01:00:57.507922,taker
P-ETH-3140-050424,35.00000000,100,2024-04-03 01:05:11.726524,taker
P-ETH-3180-030424,4.70000000,100,2024-04-03 01:09:17.764188,maker
C-ETH-3300-040424,46.00000000,400,2024-04-03 01:13:02.727862,taker
C-ETH-3300-040424,50.00000000,400,2024-04-03 01:16:04.108510,taker
C-ETH-3280-030424,31.60000000,1,2024-04-03 01:16:06.196046,taker
P-ETH-3240-030424,11.20000000,1,2024-04-03 01:17:28.072059,maker
P-ETH-3160-030424,3.30000000,16,2024-04-03 01:27:03.789914,taker
C-ETH-3240-030424,55.50000000,15,2024-04-03 01:28:49.509437,taker
C-ETH-3400-030424,2.50000000,1000,2024-04-03 01:34:12.869365,maker
C-ETH-3700-310524,300.70000000,1,2024-04-03 01:38:59.341957,taker
C-ETH-3300-040424,54.00000000,400,2024-04-03 01:40:19.946378,taker
C-ETH-4000-310524,222.20000000,1,2024-04-03 01:42:01.155720,taker
C-ETH-4200-310524,181.80000000,1,2024-04-03 01:43:01.534582,taker
C-ETH-4200-310524,165.90000000,1,2024-04-03 01:46:05.659931,maker
C-ETH-4000-310524,205.60000000,1,2024-04-03 01:46:12.909025,maker
C-ETH-3700-310524,285.80000000,1,2024-04-03 01:46:16.949470,maker
C-ETH-3300-040424,56.20000000,10,2024-04-03 01:47:46.131177,taker
C-ETH-3260-040424,76.00000000,100,2024-04-03 01:48:09.117311,maker
C-ETH-3260-030424,47.00000000,30,2024-04-03 01:51:03.019624,taker
C-ETH-3300-030424,29.40000000,100,2024-04-03 01:57:08.522222,taker
C-ETH-3300-040424,60.70000000,2,2024-04-03 01:58:03.637558,maker
C-ETH-3300-040424,65.60000000,100,2024-04-03 02:02:07.258837,taker
P-ETH-3300-050424,75.70000000,50,2024-04-03 02:11:07.407079,maker
C-ETH-3420-030424,1.30000000,1,2024-04-03 02:23:42.648039,taker
P-ETH-3260-030424,10.00000000,100,2024-04-03 02:27:18.366173,maker
C-ETH-3240-030424,66.20000000,15,2024-04-03 02:35:18.603858,maker
P-ETH-3320-030424,34.00000000,25,2024-04-03 02:50:54.396377,maker
P-ETH-3200-030424,2.50000000,1,2024-04-03 02:53:52.802244,taker
C-ETH-3220-030424,84.30000000,20,2024-04-03 02:54:01.626485,maker
C-ETH-3220-030424,92.00000000,20,2024-04-03 02:57:38.833073,taker
C-ETH-3360-030424,6.60000000,40,2024-04-03 03:08:40.452595,taker
C-ETH-3360-030424,6.70000000,40,2024-04-03 03:09:15.090251,taker
P-ETH-3220-030424,4.60000000,40,2024-04-03 03:12:11.917593,taker
P-ETH-3240-030424,7.40000000,2,2024-04-03 03:12:19.114409,maker
C-ETH-3320-030424,19.00000000,50,2024-04-03 03:13:17.117418,taker
P-ETH-3240-030424,3.70000000,2,2024-04-03 03:17:52.866591,maker
P-ETH-3220-030424,2.00000000,170,2024-04-03 03:24:05.285713,taker
C-ETH-3280-030424,45.30000000,2,2024-04-03 03:43:07.038895,maker
P-ETH-3320-030424,26.00000000,1,2024-04-03 04:01:55.302900,taker
P-ETH-3300-030424,14.40000000,100,2024-04-03 04:07:50.440123,maker
P-ETH-3320-030424,27.40000000,25,2024-04-03 04:14:37.711750,maker
P-ETH-3320-030424,29.30000000,1,2024-04-03 04:15:24.080025,taker
C-ETH-3480-030424,0.50000000,100,2024-04-03 04:35:55.859504,taker
C-ETH-3280-030424,45.80000000,1,2024-04-03 04:37:56.081271,maker
P-ETH-3180-030424,0.01000000,2,2024-04-03 04:40:48.611172,maker
C-ETH-3300-040424,65.20000000,90,2024-04-03 04:42:08.801875,maker
P-ETH-3300-050424,69.30000000,15,2024-04-03 04:43:13.600624,maker
P-ETH-3080-040424,4.30000000,2,2024-04-03 04:56:51.491220,taker
P-ETH-3300-030424,26.00000000,1,2024-04-03 05:50:40.061919,taker
P-ETH-3300-030424,29.50000000,100,2024-04-03 05:52:00.585312,taker
P-ETH-2600-310524,102.10000000,30,2024-04-03 05:53:12.080793,maker
P-ETH-3280-030424,18.40000000,50,2024-04-03 05:53:45.880726,taker
C-ETH-3300-030424,18.80000000,5,2024-04-03 05:56:44.242632,taker
C-ETH-3340-030424,4.20000000,30,2024-04-03 06:00:51.178584,maker
P-ETH-3400-030424,106.51000000,100.000000000000000000,2024-04-03 06:01:39.156095,maker
P-ETH-3200-050424,38.80000000,2260.000000000000000000,2024-04-03 06:02:07.296803,maker
P-ETH-3000-050424,10.40000000,1532.000000000000000000,2024-04-03 06:02:07.297336,taker
P-ETH-3200-050424,34.21000000,740.000000000000000000,2024-04-03 06:02:07.297755,maker
P-ETH-3000-050424,12.36000000,1468.000000000000000000,2024-04-03 06:02:07.298268,taker
C-ETH-3340-030424,7.10000000,30,2024-04-03 06:03:29.840909,taker
C-ETH-3320-030424,13.90000000,1,2024-04-03 06:04:42.049987,taker
P-ETH-3300-050424,73.02000000,15,2024-04-03 06:06:11.950099,maker
P-ETH-3260-030424,4.50000000,30,2024-04-03 06:06:25.298338,maker
C-ETH-3450-120424,97.50000000,15,2024-04-03 06:09:46.355413,maker
C-ETH-3300-030424,22.80000000,5,2024-04-03 06:09:51.268583,maker
C-ETH-3320-030424,12.60000000,10,2024-04-03 06:35:18.950727,taker
C-ETH-4000-260424,59.80000000,50,2024-04-03 06:53:41.174038,taker
C-ETH-3300-030424,24.70000000,25,2024-04-03 06:58:10.986561,taker
P-ETH-3260-030424,3.80000000,30,2024-04-03 06:59:22.281493,taker
P-ETH-3200-030424,0.60000000,10,2024-04-03 07:08:38.793404,taker
C-ETH-3300-030424,21.10000000,10,2024-04-03 07:09:07.104494,maker
C-ETH-3260-030424,54.30000000,1099,2024-04-03 07:12:05.802665,maker
P-ETH-3300-030424,10.00000000,2500,2024-04-03 07:15:44.152015,taker
C-ETH-3400-260424,231.50000000,100,2024-04-03 07:23:05.563205,taker
P-ETH-3300-040424,45.00000000,2500,2024-04-03 07:23:14.767623,taker
C-ETH-3400-260424,227.80000000,400,2024-04-03 07:34:05.908360,maker
P-ETH-3300-030424,12.80000000,130,2024-04-03 07:34:28.979247,taker
P-ETH-3220-040424,19.00000000,3366.000000000000000000,2024-04-03 07:37:58.596460,taker
P-ETH-3300-040424,45.00000000,1,2024-04-03 07:39:31.786188,maker
P-ETH-3300-030424,11.00000000,500,2024-04-03 07:40:40.363208,taker
C-ETH-3400-260424,229.20000000,300,2024-04-03 07:48:04.616743,taker
P-ETH-3200-030424,0.50000000,10,2024-04-03 07:48:46.865738,taker
C-ETH-3400-260424,228.90000000,200,2024-04-03 07:51:51.786877,taker
C-ETH-3400-260424,228.30000000,200,2024-04-03 07:52:14.821692,taker
C-ETH-3400-260424,228.10000000,100,2024-04-03 07:54:34.878005,taker
C-ETH-3400-260424,227.90000000,100,2024-04-03 07:54:51.229950,taker
P-ETH-3300-030424,11.50000000,500,2024-04-03 07:55:13.708949,maker
C-ETH-3400-260424,228.10000000,100,2024-04-03 07:55:42.743313,taker
P-ETH-3220-040424,19.00000000,1134.000000000000000000,2024-04-03 07:58:48.403683,taker
C-ETH-3280-050424,91.50000000,100,2024-04-03 08:00:07.716084,maker
P-ETH-3280-040424,39.00000000,10,2024-04-03 08:01:49.325772,taker
C-ETH-3280-050424,85.02000000,100,2024-04-03 08:07:48.860303,maker
C-ETH-3280-050424,83.30000000,100,2024-04-03 08:12:01.710199,maker
C-ETH-3300-030424,11.80000000,10,2024-04-03 08:15:05.066088,taker
C-ETH-3280-050424,82.90000000,100,2024-04-03 08:15:55.970105,maker
C-ETH-3220-030424,83.80000000,20,2024-04-03 08:27:35.381284,maker
P-ETH-3300-030424,10.70000000,10,2024-04-03 08:28:40.389951,maker
C-ETH-3220-030424,102.80000000,20,2024-04-03 08:31:16.488056,taker
C-ETH-3280-050424,98.20000000,200,2024-04-03 08:31:58.360911,maker
P-ETH-3340-050424,73.50000000,100,2024-04-03 08:37:01.339360,maker
C-ETH-3300-030424,39.60000000,10,2024-04-03 08:37:02.019449,taker
C-ETH-3300-030424,39.60000000,20,2024-04-03 08:38:05.492796,taker
C-ETH-3300-030424,39.60000000,44.000000000000000000,2024-04-03 08:38:16.406352,taker
P-ETH-3340-050424,70.00000000,100,2024-04-03 08:38:18.367652,maker
P-ETH-3340-050424,70.00000000,100,2024-04-03 08:38:18.367719,maker
P-ETH-3300-030424,2.00000000,2453.000000000000000000,2024-04-03 08:38:29.055920,taker
P-ETH-3300-030424,2.50000000,47.000000000000000000,2024-04-03 08:38:29.056916,taker
C-ETH-3300-030424,49.70000000,20,2024-04-03 08:39:15.217783,maker
P-ETH-3300-030424,1.10000000,1,2024-04-03 08:40:59.618610,maker
C-ETH-3300-040424,80.00000000,10.000000000000000000,2024-04-03 08:41:45.461729,taker
P-ETH-3340-050424,66.00000000,100,2024-04-03 08:41:49.905150,maker
P-ETH-3400-030424,46.20000000,10,2024-04-03 08:42:09.495581,taker
C-ETH-3360-030424,12.00000000,50,2024-04-03 08:42:10.744734,taker
C-ETH-3320-030424,34.20000000,50,2024-04-03 08:42:28.448634,maker
C-ETH-3300-040424,84.00000000,2,2024-04-03 08:43:06.845240,taker
C-ETH-3400-030424,2.30000000,50,2024-04-03 08:43:33.633801,taker
C-ETH-3360-030424,9.90000000,80,2024-04-03 08:45:25.654701,maker
P-ETH-3220-030424,0.01000000,40,2024-04-03 08:45:25.657946,maker
P-ETH-3040-040424,0.20000000,20,2024-04-03 08:51:57.374323,maker
C-ETH-3680-040424,0.10000000,20,2024-04-03 08:52:43.238260,maker
P-ETH-3360-040424,54.80000000,20,2024-04-03 08:56:29.184082,maker
P-ETH-3260-030424,0.40000000,100,2024-04-03 09:08:25.781191,taker
C-ETH-3300-030424,39.90000000,25,2024-04-03 09:12:06.348240,maker
C-ETH-3300-040424,71.00000000,9,2024-04-03 09:12:26.424197,maker
P-ETH-3300-030424,2.60000000,30,2024-04-03 09:14:29.678355,taker
C-ETH-3400-030424,0.01000000,30,2024-04-03 09:16:38.871441,maker
C-ETH-3320-050424,81.90000000,10,2024-04-03 09:23:27.417867,maker
C-ETH-3320-050424,83.00000000,10,2024-04-03 09:30:56.327980,taker
C-ETH-3200-040424,145.00000000,20,2024-04-03 09:31:06.891814,taker
C-ETH-3320-050424,84.00000000,10,2024-04-03 09:31:07.803380,taker
P-ETH-3140-050424,17.60000000,100,2024-04-03 09:32:25.663016,maker
C-ETH-3320-050424,85.00000000,10,2024-04-03 09:32:45.737121,taker
P-ETH-3100-050424,11.80000000,200,2024-04-03 09:32:59.937081,maker
C-ETH-3320-050424,86.00000000,10,2024-04-03 09:36:28.971812,taker
C-ETH-3320-030424,24.30000000,10,2024-04-03 09:37:52.846209,maker
P-ETH-3450-050424,136.00000000,1,2024-04-03 09:39:32.152522,maker
C-ETH-3450-050424,31.80000000,1,2024-04-03 09:39:32.152772,maker
C-ETH-3360-030424,3.50000000,50,2024-04-03 09:40:11.237091,maker
P-ETH-3340-050424,67.80000000,100,2024-04-03 09:47:52.287897,maker
P-ETH-3320-040424,37.30000000,25,2024-04-03 09:50:32.840382,maker
P-ETH-3300-030424,0.01000000,130,2024-04-03 09:56:14.122692,maker
C-ETH-3340-040424,54.40000000,6,2024-04-03 09:57:28.850907,taker
P-ETH-3320-040424,34.50000000,1,2024-04-03 10:00:51.627163,maker
C-ETH-3400-030424,0.60000000,500,2024-04-03 10:01:43.707771,taker
C-ETH-3400-030424,0.60000000,500,2024-04-03 10:01:57.961331,taker
C-ETH-3400-040424,24.80000000,50,2024-04-03 10:03:34.091131,maker
P-ETH-3120-030424,0.01000000,8,2024-04-03 10:04:09.466054,maker
P-ETH-3240-030424,0.01000000,9,2024-04-03 10:04:44.002864,maker
P-ETH-3120-030424,0.30000000,8,2024-04-03 10:04:48.954767,taker
P-ETH-3120-030424,0.30000000,8,2024-04-03 10:05:01.748532,taker
P-ETH-3120-030424,0.01000000,8,2024-04-03 10:05:43.982378,maker
P-ETH-3320-040424,39.50000000,1,2024-04-03 10:15:23.373139,taker
P-ETH-3340-030424,9.80000000,5,2024-04-03 10:16:13.613225,taker
P-ETH-3320-030424,3.70000000,100,2024-04-03 10:28:30.987180,maker
P-ETH-3320-040424,41.90000000,25,2024-04-03 10:30:51.807824,taker
P-ETH-3320-030424,6.10000000,100,2024-04-03 10:35:01.852401,maker
P-ETH-3300-030424,1.70000000,1,2024-04-03 10:35:29.133193,taker
P-ETH-3340-030424,23.60000000,5,2024-04-03 10:42:39.796253,taker
P-ETH-3340-050424,80.50000000,500,2024-04-03 10:42:42.158135,maker
P-ETH-3360-040424,74.10000000,20,2024-04-03 10:42:42.959743,taker
C-ETH-3320-030424,5.20000000,1,2024-04-03 10:42:47.084544,maker
C-ETH-3360-040424,29.80000000,9,2024-04-03 10:42:50.877748,maker
P-ETH-3360-040424,73.60000000,100,2024-04-03 10:43:36.266297,maker
P-ETH-3400-030424,90.70000000,10,2024-04-03 10:47:14.740759,taker
P-ETH-3280-030424,0.90000000,800,2024-04-03 10:47:23.516896,taker
P-ETH-3000-050424,9.20000000,20,2024-04-03 10:47:50.194133,taker
P-ETH-3300-030424,4.00000000,50,2024-04-03 10:49:08.609349,taker
P-ETH-3300-030424,3.40000000,50,2024-04-03 10:49:40.509153,taker
P-ETH-3300-030424,2.80000000,1000,2024-04-03 10:51:36.975614,maker
C-ETH-3880-030424,0.01000000,5000,2024-04-03 10:54:12.641913,maker
P-ETH-3360-040424,74.40000000,100,2024-04-03 10:54:31.274797,taker
P-ETH-3300-050424,63.60000000,100,2024-04-03 10:55:28.788083,maker
C-ETH-3840-030424,0.01000000,5000,2024-04-03 10:55:33.916467,maker
P-ETH-3300-030424,1.80000000,1000,2024-04-03 10:59:03.230909,taker
C-ETH-3600-050424,5.50000000,50,2024-04-03 11:01:14.439512,maker
C-ETH-3750-050424,2.80000000,100,2024-04-03 11:01:14.442141,taker
P-ETH-3150-050424,23.50000000,1,2024-04-03 11:03:24.635003,taker
P-ETH-3300-040424,44.10000000,1,2024-04-03 11:03:28.873904,taker
P-ETH-3300-030424,2.30000000,2000,2024-04-03 11:03:54.881240,maker
C-ETH-3400-040424,15.00000000,50,2024-04-03 11:05:23.785156,maker
P-ETH-3300-030424,4.20000000,30,2024-04-03 11:05:29.596849,maker
P-ETH-3320-040424,54.80000000,13,2024-04-03 11:07:10.382574,maker
P-ETH-3320-040424,59.00000000,9,2024-04-03 11:11:26.014571,maker
P-ETH-3300-030424,7.80000000,90,2024-04-03 11:11:27.212085,maker
C-ETH-3800-030424,0.01000000,500,2024-04-03 11:11:27.311183,maker
P-ETH-3000-050424,9.20000000,500,2024-04-03 11:11:30.426238,maker
P-ETH-3300-050424,73.00000000,100,2024-04-03 11:12:26.170830,maker
P-ETH-3280-030424,0.10000000,5,2024-04-03 11:12:59.998659,maker
P-ETH-3000-050424,8.40000000,300,2024-04-03 11:14:15.900405,maker
P-ETH-3300-030424,5.20000000,90,2024-04-03 11:15:52.606327,maker
C-ETH-3880-030424,0.01000000,2345,2024-04-03 11:18:39.745136,maker
C-ETH-3500-030424,0.01000000,8,2024-04-03 11:23:21.176188,maker
C-ETH-3300-040424,50.20000000,9,2024-04-03 11:25:18.354762,maker
C-ETH-3300-030424,7.70000000,25,2024-04-03 11:26:59.926947,maker
P-ETH-3300-030424,0.30000000,1,2024-04-03 11:31:37.268220,maker
C-ETH-3340-040424,34.20000000,50,2024-04-03 11:36:51.934811,taker
C-ETH-3380-040424,20.70000000,25,2024-04-03 11:37:45.109398,taker
C-ETH-3500-040424,3.00000000,50,2024-04-03 11:37:54.356824,maker
P-ETH-3000-050424,7.20000000,20,2024-04-03 11:37:56.067538,maker
C-ETH-3320-040424,44.70000000,1,2024-04-03 11:42:26.171847,maker
C-ETH-3300-040424,55.90000000,9,2024-04-03 11:43:00.552773,taker
P-ETH-3220-030424,0.01000000,500,2024-04-03 11:44:29.776733,maker
C-ETH-3400-190424,203.24000000,96,2024-04-03 11:45:26.226087,maker
P-ETH-3280-030424,0.01000000,181,2024-04-03 11:45:26.325639,maker
P-ETH-3220-030424,0.01000000,181,2024-04-03 11:45:26.377237,maker
P-ETH-3120-030424,0.01000000,52,2024-04-03 11:45:26.464366,maker
C-ETH-3400-190424,203.24000000,96,2024-04-03 11:45:26.638756,maker
C-ETH-3300-310524,462.50000000,1,2024-04-03 11:48:56.478769,taker
P-ETH-3140-040424,4.75000000,1,2024-04-03 11:51:17.478131,maker
C-ETH-3300-310524,455.70000000,1,2024-04-03 11:54:30.910913,maker
C-ETH-3400-030424,0.01000000,1000,2024-04-03 11:54:58.589023,maker
P-ETH-3300-030424,0.01000000,50,2024-04-03 11:54:58.592954,maker
P-ETH-3280-030424,0.01000000,800,2024-04-03 11:54:58.596894,maker
C-ETH-3320-050424,74.00000000,20,2024-04-03 11:56:09.155842,maker
C-ETH-3300-030424,14.40000000,10,2024-04-03 11:58:35.807949,taker
P-ETH-3440-030424,126.80965517,29,2024-04-03 12:00:00.163237,taker
C-ETH-3300-030424,13.19034483,50,2024-04-03 12:00:00.205551,taker
C-ETH-3300-030424,13.19034483,10,2024-04-03 12:00:00.428179,taker
C-ETH-3400-040424,16.60000000,10,2024-04-03 12:07:57.280871,maker
P-ETH-3160-040424,4.10000000,1,2024-04-03 12:08:35.254234,maker
P-ETH-3280-040424,28.00000000,3338.000000000000000000,2024-04-03 12:09:19.859737,taker
C-ETH-3320-040424,49.90000000,2,2024-04-03 12:15:01.393162,maker
P-ETH-3280-040424,28.00000000,1662.000000000000000000,2024-04-03 12:22:00.127281,taker
P-ETH-3160-040424,4.90000000,1,2024-04-03 12:22:34.606885,taker
P-ETH-3150-120424,76.00000000,20,2024-04-03 12:26:07.790254,taker
C-ETH-3700-120424,37.00000000,50,2024-04-03 12:27:05.150276,taker
C-ETH-3350-050424,52.10000000,50,2024-04-03 12:30:04.605958,maker
C-ETH-3500-040424,2.40000000,1,2024-04-03 12:31:29.070800,maker
P-ETH-3120-040424,2.60000000,1,2024-04-03 12:31:29.071381,maker
P-ETH-3120-040424,3.60000000,1,2024-04-03 12:32:07.011777,taker
C-ETH-3500-040424,3.30000000,1,2024-04-03 12:32:07.013908,taker
P-ETH-3320-040424,51.80000000,25,2024-04-03 12:33:26.965514,maker
C-ETH-3320-040424,38.40000000,2,2024-04-03 12:35:22.436934,maker
C-ETH-3300-050424,73.30000000,1,2024-04-03 12:40:08.011840,taker
C-ETH-3280-040424,59.10000000,100,2024-04-03 12:40:18.609654,maker
C-ETH-3450-050424,21.60000000,1,2024-04-03 12:43:22.092262,taker
C-ETH-3300-040424,51.50000000,100,2024-04-03 12:52:20.680641,taker
C-ETH-3380-050424,39.20000000,1,2024-04-03 12:52:42.105147,maker
C-ETH-3500-040424,3.00000000,1000,2024-04-03 12:57:08.963202,taker
P-ETH-3400-040424,100.00000000,50,2024-04-03 13:15:07.949606,taker
C-ETH-3300-040424,47.20000000,100,2024-04-03 13:15:57.454881,maker
P-ETH-3200-040424,9.90000000,10,2024-04-03 13:17:03.038538,maker
P-ETH-3080-040424,1.70000000,20,2024-04-03 13:17:28.382887,maker
P-ETH-3320-040424,52.40000000,15,2024-04-03 13:17:32.237343,maker
C-ETH-3320-040424,38.10000000,10,2024-04-03 13:17:55.150754,taker
P-ETH-3280-040424,32.70000000,50,2024-04-03 13:18:13.660151,taker
P-ETH-3240-040424,18.50000000,1500,2024-04-03 13:19:32.265378,taker
C-ETH-3600-040424,0.70000000,20,2024-04-03 13:27:13.663649,taker
C-ETH-3420-040424,7.60000000,20,2024-04-03 13:27:13.664555,maker
