product_symbol,price,size,timestamp,buyer_role
P-ETH-2300-020124,35.20000000,77,2024-01-01 00:02:47.744682,taker
C-ETH-2280-010124,19.00000000,11,2024-01-01 00:04:15.709777,taker
C-ETH-2400-010124,0.30000000,20,2024-01-01 00:07:20.379654,taker
P-ETH-2280-010124,7.40000000,500,2024-01-01 00:11:32.068217,maker
P-ETH-2260-010124,3.50000000,19,2024-01-01 00:13:15.179065,taker
C-ETH-2250-050124,90.20000000,500,2024-01-01 00:14:02.598161,taker
P-ETH-2260-010124,3.50000000,19,2024-01-01 00:14:04.675731,taker
P-ETH-2200-230224,155.19000000,200,2024-01-01 00:15:55.294387,maker
C-ETH-2300-010124,11.40000000,34,2024-01-01 00:28:02.399684,taker
C-ETH-2300-010124,9.90000000,385,2024-01-01 00:28:08.319062,maker
C-ETH-2300-010124,10.60000000,10,2024-01-01 00:35:35.016263,taker
P-ETH-2200-010124,0.30000000,1037,2024-01-01 00:39:35.771397,taker
P-ETH-2280-010124,8.40000000,32,2024-01-01 00:39:41.289613,taker
P-ETH-2200-010124,0.30000000,266,2024-01-01 00:50:38.967552,taker
P-ETH-2200-010124,0.30000000,70,2024-01-01 00:55:24.003880,taker
P-ETH-2160-020124,1.10000000,761,2024-01-01 00:57:14.362573,taker
P-ETH-2300-020124,27.00000000,221,2024-01-01 01:14:13.698176,maker
P-ETH-2300-020124,26.70000000,221,2024-01-01 01:21:13.942819,maker
C-ETH-2280-010124,25.00000000,81,2024-01-01 01:21:15.748242,taker
C-ETH-2300-010124,13.00000000,13,2024-01-01 01:24:37.344753,taker
C-ETH-2300-010124,13.00000000,341,2024-01-01 01:24:37.344808,taker
P-ETH-2280-010124,5.00000000,22,2024-01-01 01:36:08.224891,maker
C-ETH-2280-010124,30.80000000,9,2024-01-01 01:37:11.091254,taker
C-ETH-2280-010124,31.40000000,11,2024-01-01 01:37:20.168561,taker
C-ETH-2300-010124,17.00000000,13,2024-01-01 01:37:28.140537,maker
C-ETH-2300-010124,16.20000000,21,2024-01-01 01:37:28.140588,maker
P-ETH-2240-010124,0.60000000,349,2024-01-01 01:38:08.109974,taker
P-ETH-2100-050124,7.10000000,295,2024-01-01 01:39:18.058238,maker
P-ETH-2100-050124,7.10000000,12,2024-01-01 01:39:36.576257,maker
P-ETH-2260-010124,1.70000000,17,2024-01-01 01:40:46.662766,taker
P-ETH-2500-230224,305.20000000,10,2024-01-01 01:44:32.316324,maker
C-ETH-2100-230224,361.40000000,10,2024-01-01 01:49:18.296302,maker
P-ETH-2300-010124,10.90000000,1236,2024-01-01 01:49:45.449881,taker
P-ETH-2300-010124,10.90000000,764,2024-01-01 01:49:45.820592,maker
P-ETH-1850-120124,6.00000000,500,2024-01-01 01:49:50.717781,maker
P-ETH-2160-020124,0.80000000,1109,2024-01-01 01:55:07.468520,taker
C-ETH-2320-010124,7.20000000,7,2024-01-01 02:00:12.758716,taker
C-ETH-2320-010124,7.20000000,85,2024-01-01 02:00:44.838553,maker
P-ETH-2280-010124,5.20000000,4,2024-01-01 02:04:16.941553,taker
C-ETH-2320-010124,6.40000000,85,2024-01-01 02:07:19.854217,taker
C-ETH-2340-020124,12.00000000,10,2024-01-01 02:09:58.728139,maker
P-ETH-2320-010124,25.70000000,100,2024-01-01 02:14:39.092800,maker
P-ETH-2200-010124,0.30000000,1031,2024-01-01 02:18:34.943680,taker
P-ETH-2200-010124,0.31000000,1651,2024-01-01 02:18:34.944838,taker
P-ETH-2200-010124,0.50000000,677,2024-01-01 02:18:34.945433,taker
P-ETH-2200-010124,0.50000000,2350,2024-01-01 02:18:49.654074,taker
P-ETH-2200-010124,0.50000000,175,2024-01-01 02:18:59.921467,taker
P-ETH-2200-010124,1.30000000,1516,2024-01-01 02:18:59.922298,taker
P-ETH-2200-010124,0.30000000,229,2024-01-01 02:19:30.656538,taker
P-ETH-2200-010124,0.30000000,756,2024-01-01 02:19:35.320775,taker
P-ETH-2200-010124,0.30000000,46,2024-01-01 02:19:41.028567,taker
P-ETH-2200-010124,0.31000000,35,2024-01-01 02:19:41.029418,taker
P-ETH-2200-010124,0.30000000,8,2024-01-01 02:19:49.763492,taker
C-ETH-2440-020124,1.00000000,99,2024-01-01 02:30:01.087378,taker
P-ETH-2220-030124,11.30000000,310,2024-01-01 02:30:04.463370,maker
P-ETH-2320-010124,29.10000000,100,2024-01-01 02:30:10.059249,taker
P-ETH-2300-010124,14.50000000,100,2024-01-01 02:31:45.793249,taker
P-ETH-2280-010124,7.10000000,34,2024-01-01 02:41:34.858146,taker
P-ETH-2300-010124,15.00000000,1552,2024-01-01 02:41:55.943175,maker
P-ETH-2300-010124,13.73000000,448,2024-01-01 02:41:55.944031,maker
C-ETH-2300-020124,23.60000000,50,2024-01-01 02:42:33.030132,maker
P-ETH-2300-010124,16.20000000,10,2024-01-01 02:45:00.710525,taker
P-ETH-2280-010124,7.00000000,4,2024-01-01 02:46:05.961716,maker
C-ETH-2320-010124,3.80000000,122,2024-01-01 02:49:29.065399,maker
C-ETH-2850-050124,1.00000000,1142,2024-01-01 02:49:42.866510,taker
C-ETH-2850-050124,1.10000000,1587,2024-01-01 02:49:42.867435,taker
C-ETH-2850-050124,1.30000000,1292,2024-01-01 02:49:42.868392,taker
P-ETH-2260-010124,2.60000000,9,2024-01-01 02:49:46.248206,taker
C-ETH-2450-050124,14.50000000,3,2024-01-01 02:50:15.935483,maker
C-ETH-2300-020124,24.00000000,100,2024-01-01 02:52:34.814917,maker
P-ETH-2300-010124,14.90000000,2,2024-01-01 02:53:40.109119,maker
C-ETH-2850-120124,8.80000000,1110,2024-01-01 02:53:55.225441,maker
C-ETH-2850-120124,8.13000000,1778,2024-01-01 02:53:55.226229,maker
C-ETH-2850-120124,7.06000000,3446,2024-01-01 02:53:55.227094,maker
C-ETH-2850-120124,7.05000000,836,2024-01-01 02:53:55.227860,maker
P-ETH-2300-010124,14.80000000,10,2024-01-01 02:54:02.603577,maker
C-ETH-2850-120124,8.00000000,1333,2024-01-01 02:54:20.111096,maker
C-ETH-2850-120124,7.80000000,216,2024-01-01 02:58:57.353356,maker
C-ETH-2900-120124,6.60000000,266,2024-01-01 03:02:35.947733,maker
P-ETH-2200-030124,8.60000000,321,2024-01-01 03:05:11.690573,taker
C-ETH-2300-010124,9.50000000,278,2024-01-01 03:10:58.704403,taker
P-ETH-2250-010124,2.30000000,1000,2024-01-01 03:15:44.670803,taker
P-ETH-2300-010124,20.40000000,100,2024-01-01 03:17:39.342775,maker
C-ETH-1700-260124,628.80000000,4,2024-01-01 03:18:57.983805,taker
C-ETH-2450-260124,111.70000000,21,2024-01-01 03:19:30.625299,taker
C-ETH-2300-010124,7.00000000,354,2024-01-01 03:21:46.117270,taker
C-ETH-2300-010124,6.20000000,100,2024-01-01 03:23:42.182663,maker
C-ETH-2300-010124,5.70000000,100,2024-01-01 03:23:42.182712,maker
C-ETH-2440-020124,0.60000000,17,2024-01-01 03:26:46.075981,taker
C-ETH-2360-020124,4.60000000,465,2024-01-01 03:28:10.042788,taker
P-ETH-2300-050124,62.41000000,35,2024-01-01 03:29:02.539788,maker
C-ETH-2440-020124,0.60000000,1120,2024-01-01 03:32:54.141598,taker
P-ETH-2280-010124,11.00000000,7,2024-01-01 03:33:12.328980,taker
P-ETH-2280-010124,11.00000000,6,2024-01-01 03:33:13.535260,maker
P-ETH-2280-010124,10.50000000,81,2024-01-01 03:37:20.910416,maker
P-ETH-2280-010124,14.00000000,7,2024-01-01 03:41:46.352153,taker
C-ETH-2300-010124,4.00000000,21,2024-01-01 03:43:03.180755,maker
C-ETH-2300-020124,16.80000000,100,2024-01-01 03:43:18.933418,taker
P-ETH-2280-010124,15.00000000,9,2024-01-01 03:43:46.274295,taker
P-ETH-2280-010124,16.50000000,15,2024-01-01 03:46:09.509466,taker
C-ETH-2320-010124,1.90000000,57,2024-01-01 03:49:09.608902,taker
P-ETH-2280-010124,13.30000000,34,2024-01-01 03:49:48.914681,maker
C-ETH-2400-020124,1.50000000,1122,2024-01-01 03:50:18.128735,taker
C-ETH-2400-020124,1.50000000,878,2024-01-01 03:50:29.470679,maker
C-ETH-2340-010124,0.80000000,1066,2024-01-01 03:50:50.520344,taker
C-ETH-2340-010124,0.80000000,934,2024-01-01 03:50:50.839095,maker
C-ETH-2300-010124,4.00000000,100,2024-01-01 03:53:53.896473,taker
C-ETH-2320-020124,8.60000000,37,2024-01-01 03:53:55.366600,maker
P-ETH-2280-010124,13.60000000,50,2024-01-01 04:03:16.055508,maker
C-ETH-2300-010124,5.00000000,31,2024-01-01 04:03:58.807945,taker
C-ETH-2280-010124,12.20000000,51,2024-01-01 04:04:42.006840,taker
C-ETH-2300-010124,5.20000000,2,2024-01-01 04:04:45.353313,taker
C-ETH-2280-010124,12.10000000,1015,2024-01-01 04:04:54.104538,taker
C-ETH-2280-010124,12.20000000,985,2024-01-01 04:04:54.261010,maker
C-ETH-2280-010124,12.20000000,50,2024-01-01 04:09:50.329347,taker
P-ETH-2280-020124,24.60000000,21,2024-01-01 04:10:38.900665,maker
C-ETH-2280-010124,11.10000000,51,2024-01-01 04:11:46.581898,maker
C-ETH-2240-030124,60.51000000,756,2024-01-01 04:13:09.663333,maker
C-ETH-2240-030124,60.51000000,756,2024-01-01 04:13:11.109603,maker
C-ETH-2240-030124,60.51000000,1203,2024-01-01 04:13:44.809141,maker
C-ETH-2240-030124,60.51000000,785,2024-01-01 04:13:45.084757,maker
P-ETH-2450-050124,179.00000000,5,2024-01-01 04:13:49.286725,taker
P-ETH-2280-010124,16.00000000,10,2024-01-01 04:14:13.011187,taker
C-ETH-2300-010124,3.20000000,28,2024-01-01 04:15:47.383362,maker
P-ETH-2260-010124,7.30000000,9,2024-01-01 04:18:09.511749,taker
C-ETH-2280-020124,21.21000000,110,2024-01-01 04:19:30.743046,maker
C-ETH-2280-010124,6.80000000,50,2024-01-01 04:20:35.480855,maker
P-ETH-2260-010124,7.30000000,100,2024-01-01 04:24:25.052204,maker
P-ETH-2280-010124,16.40000000,29,2024-01-01 04:26:04.161245,taker
P-ETH-2280-010124,16.40000000,100,2024-01-01 04:26:15.486340,maker
C-ETH-2260-010124,18.20000000,100,2024-01-01 04:26:33.985062,maker
C-ETH-2340-010124,0.50000000,100,2024-01-01 04:29:10.391392,taker
C-ETH-2260-010124,19.50000000,31,2024-01-01 04:30:49.817819,maker
C-ETH-2260-010124,21.00000000,31,2024-01-01 04:32:51.477778,taker
C-ETH-2300-050124,49.00000000,10,2024-01-01 04:35:41.874496,taker
C-ETH-2360-010124,0.01000000,324,2024-01-01 04:42:06.798109,maker
P-ETH-2320-010124,48.60000000,50,2024-01-01 04:45:50.133919,taker
C-ETH-2450-050124,11.90000000,96,2024-01-01 04:45:55.190652,maker
C-ETH-2280-010124,9.40000000,10,2024-01-01 04:47:16.553866,taker
P-ETH-2200-010124,0.40000000,20,2024-01-01 04:47:40.545483,taker
C-ETH-2250-010124,30.00000000,10,2024-01-01 04:49:26.937450,taker
C-ETH-2300-010124,4.60000000,21,2024-01-01 04:53:59.720578,taker
P-ETH-2280-010124,13.00000000,1,2024-01-01 04:54:46.640130,taker
P-ETH-2260-010124,4.60000000,21,2024-01-01 04:54:57.399207,maker
C-ETH-2280-020124,25.60000000,110,2024-01-01 04:58:33.631720,taker
C-ETH-2260-010124,24.90000000,100,2024-01-01 04:58:41.607772,taker
C-ETH-2260-010124,24.80000000,35,2024-01-01 04:58:42.253809,taker
P-ETH-2260-020124,15.41000000,100,2024-01-01 04:59:03.042353,maker
P-ETH-2280-020124,24.65000000,37,2024-01-01 05:02:33.174358,taker
P-ETH-2160-020124,1.10000000,380,2024-01-01 05:11:24.803354,taker
P-ETH-2280-010124,10.00000000,126,2024-01-01 05:15:46.353002,taker
P-ETH-2280-010124,11.40000000,126,2024-01-01 05:21:33.798886,taker
P-ETH-2260-010124,3.50000000,13,2024-01-01 05:24:23.420006,maker
C-ETH-2260-010124,22.00000000,35,2024-01-01 05:28:33.568940,maker
P-ETH-2280-010124,11.40000000,95,2024-01-01 05:29:08.584469,maker
P-ETH-2180-020124,1.90000000,58,2024-01-01 05:35:28.032426,taker
P-ETH-2100-050124,8.90000000,108,2024-01-01 05:35:28.035948,taker
P-ETH-2250-010124,2.50000000,1,2024-01-01 05:37:46.644791,taker
C-ETH-2300-010124,3.60000000,487,2024-01-01 05:40:16.356941,maker
C-ETH-2300-010124,3.50000000,100,2024-01-01 05:45:53.015007,maker
C-ETH-2280-010124,8.70000000,200,2024-01-01 05:46:54.509855,maker
C-ETH-2260-010124,19.90000000,42,2024-01-01 05:49:21.754743,maker
C-ETH-2280-010124,9.00000000,5,2024-01-01 05:50:29.195800,maker
P-ETH-2300-020124,39.30000000,68,2024-01-01 05:56:03.817128,taker
C-ETH-2260-010124,21.00000000,42,2024-01-01 05:58:12.543868,taker
P-ETH-2240-020124,10.00000000,100,2024-01-01 05:59:46.790334,taker
C-ETH-2400-050124,18.60000000,62,2024-01-01 05:59:48.653533,taker
C-ETH-2260-020124,34.50000000,44,2024-01-01 06:00:56.913520,taker
C-ETH-2320-010124,1.10000000,1077,2024-01-01 06:05:19.261250,taker
C-ETH-2280-010124,10.40000000,50,2024-01-01 06:07:43.331426,taker
C-ETH-2320-010124,1.10000000,923,2024-01-01 06:08:57.480185,maker
P-ETH-2250-010124,2.60000000,150,2024-01-01 06:13:09.061671,taker
C-ETH-2260-010124,22.09000000,42,2024-01-01 06:13:54.804473,maker
P-ETH-2280-030124,37.20000000,41,2024-01-01 06:14:13.932047,taker
C-ETH-2180-020124,100.00000000,30,2024-01-01 06:14:52.156901,maker
C-ETH-2260-010124,19.30000000,42,2024-01-01 06:14:54.263153,maker
P-ETH-2280-010124,10.10000000,1,2024-01-01 06:17:25.408108,maker
C-ETH-2260-010124,24.40000000,37,2024-01-01 06:17:40.369727,taker
C-ETH-2260-010124,22.80000000,37,2024-01-01 06:18:04.044595,maker
P-ETH-2280-010124,10.80000000,5,2024-01-01 06:20:46.429088,maker
C-ETH-2260-010124,21.08000000,41,2024-01-01 06:22:44.415858,maker
P-ETH-2260-010124,3.10000000,36,2024-01-01 06:33:44.806474,maker
C-ETH-2280-010124,11.80000000,5,2024-01-01 06:53:17.224029,taker
C-ETH-2360-010124,0.05000000,324,2024-01-01 06:55:52.084227,maker
P-ETH-2260-010124,2.52000000,36,2024-01-01 06:56:23.778931,maker
P-ETH-2320-010124,36.50000000,100,2024-01-01 06:56:30.540520,maker
P-ETH-2280-020124,22.30000000,37,2024-01-01 06:58:49.906881,taker
P-ETH-2320-010124,37.70000000,76,2024-01-01 07:00:14.952102,taker
P-ETH-2300-030124,44.35000000,745,2024-01-01 07:01:18.725938,maker
P-ETH-2300-030124,44.35000000,1193,2024-01-01 07:01:55.903576,maker
P-ETH-2300-030124,44.35000000,1562,2024-01-01 07:02:19.644484,maker
P-ETH-2280-010124,7.72000000,1,2024-01-01 07:02:31.046613,maker
C-ETH-2280-010124,12.90000000,19,2024-01-01 07:02:52.962203,taker
P-ETH-2160-020124,0.80000000,830,2024-01-01 07:03:49.435719,taker
C-ETH-2300-010124,4.50000000,13,2024-01-01 07:04:57.176164,taker
P-ETH-1700-260124,12.00000000,81,2024-01-01 07:05:08.238436,taker
P-ETH-2280-010124,7.90000000,1,2024-01-01 07:15:14.638384,maker
C-ETH-2250-010124,33.60000000,5,2024-01-01 07:16:42.426101,maker
P-ETH-2250-010124,1.20000000,1,2024-01-01 07:17:06.402772,taker
P-ETH-2300-010124,20.70000000,43,2024-01-01 07:21:18.071520,maker
C-ETH-2250-010124,36.50000000,5,2024-01-01 07:22:53.846289,taker
C-ETH-2320-010124,1.10000000,95,2024-01-01 07:27:44.802712,taker
C-ETH-2280-010124,11.90000000,1800,2024-01-01 07:31:13.220578,maker
C-ETH-2280-010124,11.06000000,200,2024-01-01 07:31:13.222150,maker
P-ETH-2280-010124,6.60000000,58,2024-01-01 07:32:07.008807,taker
P-ETH-2280-010124,5.70000000,1,2024-01-01 07:32:57.242584,maker
P-ETH-2200-020124,2.20000000,100,2024-01-01 07:34:51.940624,taker
P-ETH-2240-020124,7.00000000,100,2024-01-01 07:35:10.932597,maker
P-ETH-2140-020124,0.50000000,200,2024-01-01 07:39:59.026864,taker
P-ETH-2260-010124,1.60000000,21,2024-01-01 07:40:10.872517,taker
C-ETH-2280-010124,11.30000000,50,2024-01-01 07:41:17.532749,maker
C-ETH-2280-010124,11.10000000,50,2024-01-01 07:44:45.035200,taker
C-ETH-2280-010124,9.70000000,50,2024-01-01 07:45:46.299012,maker
C-ETH-2280-010124,9.90000000,19,2024-01-01 07:45:47.024938,taker
C-ETH-2360-020124,3.50000000,4,2024-01-01 07:48:28.724027,taker
C-ETH-2400-010124,0.10000000,181,2024-01-01 07:50:35.047634,maker
C-ETH-2280-010124,11.20000000,24,2024-01-01 07:50:49.304401,taker
P-ETH-2280-010124,6.40000000,71,2024-01-01 07:54:20.155283,taker
C-ETH-2320-010124,0.59000000,2,2024-01-01 07:55:13.070737,maker
P-ETH-2140-020124,0.40000000,1000,2024-01-01 07:55:47.520744,taker
P-ETH-2260-010124,1.30000000,18,2024-01-01 08:00:53.225163,maker
P-ETH-2280-020124,18.80000000,20,2024-01-01 08:04:33.242761,maker
C-ETH-2300-010124,2.30000000,271,2024-01-01 08:09:25.723577,maker
C-ETH-2300-010124,2.50000000,3,2024-01-01 08:10:17.442558,taker
P-ETH-2160-020124,0.70000000,1114,2024-01-01 08:10:54.879737,taker
C-ETH-2400-260124,119.50000000,3,2024-01-01 08:12:24.717445,maker
C-ETH-2280-010124,10.00000000,13,2024-01-01 08:14:17.317055,taker
C-ETH-2280-010124,10.00000000,131,2024-01-01 08:14:17.317121,taker
C-ETH-2260-010124,25.00000000,41,2024-01-01 08:15:58.949624,maker
P-ETH-2280-010124,5.60000000,29,2024-01-01 08:18:29.496995,taker
P-ETH-2320-020124,42.20000000,20,2024-01-01 08:27:54.601587,maker
C-ETH-2300-010124,2.00000000,50,2024-01-01 08:28:54.153189,maker
C-ETH-2280-010124,8.40000000,24,2024-01-01 08:29:30.784654,maker
C-ETH-2300-010124,1.50000000,13,2024-01-01 08:29:30.788538,maker
P-ETH-2320-010124,40.10000000,176,2024-01-01 08:32:31.803929,taker
C-ETH-2280-010124,7.60000000,1000,2024-01-01 08:32:59.059095,maker
C-ETH-2280-010124,8.30000000,131,2024-01-01 08:36:02.983748,taker
C-ETH-2300-030124,25.90000000,18,2024-01-01 08:37:21.529188,maker
C-ETH-2300-010124,1.10000000,15,2024-01-01 08:40:10.179629,maker
C-ETH-2300-010124,1.00000000,1,2024-01-01 08:40:12.346130,taker
C-ETH-2300-010124,1.00000000,84,2024-01-01 08:40:17.597574,taker
C-ETH-2300-020124,13.40000000,54,2024-01-01 08:40:19.795778,taker
C-ETH-2300-010124,1.10000000,100,2024-01-01 08:41:13.810006,maker
C-ETH-2320-010124,0.01000000,59,2024-01-01 08:43:45.623152,maker
P-ETH-2260-010124,0.70000000,13,2024-01-01 08:47:43.144423,maker
P-ETH-2260-010124,0.40000000,96,2024-01-01 08:47:43.144504,maker
C-ETH-2350-050124,28.81000000,153,2024-01-01 08:48:24.606194,maker
P-ETH-2160-020124,0.50000000,1114,2024-01-01 08:52:47.866265,taker
P-ETH-2160-020124,0.60000000,906,2024-01-01 08:52:48.784512,taker
P-ETH-2160-020124,0.60000000,877,2024-01-01 08:52:51.646245,taker
P-ETH-2200-010124,0.01000000,8474,2024-01-01 08:54:25.077166,maker
P-ETH-2200-020124,1.10000000,10,2024-01-01 08:56:17.110724,taker
P-ETH-2240-010124,0.20000000,20,2024-01-01 08:59:27.746101,taker
C-ETH-2300-010124,2.52000000,1,2024-01-01 09:04:16.849445,taker
P-ETH-2260-010124,0.40000000,70,2024-01-01 09:07:38.893036,taker
P-ETH-2250-010124,0.20000000,100,2024-01-01 09:07:47.684887,taker
C-ETH-2280-010124,12.70000000,1,2024-01-01 09:11:05.620835,maker
P-ETH-2260-020124,8.30000000,23,2024-01-01 09:11:43.747987,maker
C-ETH-2400-030124,5.10000000,30,2024-01-01 09:16:23.523915,maker
P-ETH-2260-020124,9.70000000,100,2024-01-01 09:19:42.176552,taker
C-ETH-2250-260124,198.00000000,139,2024-01-01 09:22:15.132560,taker
P-ETH-2280-010124,2.90000000,100,2024-01-01 09:22:29.392860,taker
P-ETH-2280-010124,2.00000000,1,2024-01-01 09:25:18.639930,maker
C-ETH-2350-050124,31.51000000,10,2024-01-01 09:25:34.754753,maker
P-ETH-2300-020124,24.00000000,3,2024-01-01 09:26:47.477513,maker
P-ETH-2300-010124,12.00000000,2,2024-01-01 09:26:47.515282,taker
C-ETH-2320-010124,0.40000000,13,2024-01-01 09:27:43.203036,taker
C-ETH-2300-010124,2.40000000,1137,2024-01-01 09:29:35.942377,taker
C-ETH-2300-010124,2.40000000,723,2024-01-01 09:29:36.010644,maker
P-ETH-2260-010124,0.21000000,25,2024-01-01 09:33:45.729359,maker
C-ETH-2300-020124,18.00000000,1,2024-01-01 09:33:47.255866,taker
P-ETH-2280-020124,14.40000000,21,2024-01-01 09:34:15.076645,taker
C-ETH-2280-010124,16.00000000,200,2024-01-01 09:34:33.237297,taker
C-ETH-2280-010124,16.00000000,1000,2024-01-01 09:34:52.364174,taker
P-ETH-2280-010124,1.10000000,15,2024-01-01 09:38:27.675930,maker
P-ETH-2140-020124,0.20000000,50,2024-01-01 09:39:34.050083,taker
P-ETH-2200-020124,1.00000000,1100,2024-01-01 09:39:43.027249,taker
P-ETH-2260-010124,0.20000000,1,2024-01-01 09:44:04.596476,taker
C-ETH-2300-010124,5.60000000,100,2024-01-01 09:48:05.083901,taker
C-ETH-2260-020124,45.20000000,44,2024-01-01 09:49:25.295280,maker
P-ETH-2260-020124,7.10000000,23,2024-01-01 09:49:58.255906,taker
P-ETH-2260-020124,6.10000000,6,2024-01-01 09:50:15.263475,maker
C-ETH-2400-010124,0.01000000,100,2024-01-01 09:51:40.014541,maker
C-ETH-2300-010124,4.80000000,27,2024-01-01 09:51:51.692258,maker
P-ETH-2160-020124,0.30000000,100,2024-01-01 09:53:50.645860,taker
C-ETH-2400-020124,0.90000000,1,2024-01-01 09:54:55.860086,taker
C-ETH-2260-010124,38.40000000,81,2024-01-01 09:57:05.320063,maker
C-ETH-2300-020124,20.00000000,73,2024-01-01 09:59:17.303023,taker
C-ETH-2180-020124,120.00000000,30,2024-01-01 10:00:13.563960,taker
P-ETH-2240-020124,2.70000000,75,2024-01-01 10:01:04.793006,maker
C-ETH-2320-010124,0.70000000,1,2024-01-01 10:01:19.152122,taker
C-ETH-2280-010124,22.30000000,14,2024-01-01 10:02:20.524886,taker
P-ETH-2160-020124,0.30000000,100,2024-01-01 10:03:05.754666,taker
P-ETH-2160-020124,0.30000000,100,2024-01-01 10:03:28.077558,taker
P-ETH-2160-020124,0.30000000,400,2024-01-01 10:04:57.872483,taker
P-ETH-2160-020124,0.30000000,100,2024-01-01 10:04:59.395321,taker
P-ETH-2160-020124,0.30000000,300,2024-01-01 10:05:00.181437,taker
P-ETH-2160-020124,0.30000000,100,2024-01-01 10:05:02.460691,taker
P-ETH-2280-010124,0.50000000,700,2024-01-01 10:05:04.606748,taker
C-ETH-2300-010124,6.00000000,27,2024-01-01 10:06:25.053121,taker
C-ETH-2300-010124,6.00000000,100,2024-01-01 10:07:48.252826,maker
C-ETH-2440-010124,0.01000000,11800,2024-01-01 10:09:06.216463,maker
C-ETH-2420-020124,0.60000000,1100,2024-01-01 10:10:23.660186,taker
P-ETH-2320-010124,18.80000000,1,2024-01-01 10:11:53.283853,maker
P-ETH-2320-020124,30.70000000,20,2024-01-01 10:13:24.798219,taker
C-ETH-2600-050124,4.00000000,100,2024-01-01 10:13:56.709111,taker
C-ETH-2320-010124,0.60000000,1,2024-01-01 10:14:00.874503,taker
C-ETH-2300-010124,5.00000000,200,2024-01-01 10:16:55.137198,maker
P-ETH-2240-020124,2.75000000,45,2024-01-01 10:17:17.298133,taker
P-ETH-2300-010124,5.90000000,81,2024-01-01 10:18:25.551457,taker
P-ETH-2100-230224,101.40000000,15,2024-01-01 10:20:42.935510,taker
P-ETH-2280-010124,0.01000000,21,2024-01-01 10:20:51.783375,maker
P-ETH-2280-020124,11.60000000,17,2024-01-01 10:23:02.330717,taker
P-ETH-2260-010124,0.20000000,5,2024-01-01 10:23:19.090873,taker
P-ETH-2280-030124,22.90000000,46,2024-01-01 10:26:22.116213,taker
P-ETH-2300-020124,18.10000000,12,2024-01-01 10:27:33.903146,maker
P-ETH-2160-020124,0.30000000,200,2024-01-01 10:27:37.030348,taker
P-ETH-2160-020124,0.30000000,100,2024-01-01 10:27:46.980524,taker
P-ETH-2160-020124,0.30000000,100,2024-01-01 10:27:48.536712,taker
P-ETH-2160-020124,0.30000000,100,2024-01-01 10:28:02.154130,taker
P-ETH-2160-020124,0.30000000,100,2024-01-01 10:28:05.427395,taker
P-ETH-2160-020124,0.30000000,100,2024-01-01 10:28:17.392595,taker
P-ETH-2160-020124,0.30000000,100,2024-01-01 10:28:20.087016,taker
P-ETH-2160-020124,0.30000000,100,2024-01-01 10:28:32.449967,taker
P-ETH-2160-020124,0.30000000,100,2024-01-01 10:28:33.621340,taker
C-ETH-2500-050124,7.90000000,5,2024-01-01 10:28:42.558032,maker
P-ETH-2160-020124,0.30000000,100,2024-01-01 10:28:47.665455,taker
P-ETH-2320-010124,21.90000000,2,2024-01-01 10:29:24.318033,taker
C-ETH-2600-230224,134.20000000,15,2024-01-01 10:31:33.080095,taker
C-ETH-2400-050124,20.00000000,2,2024-01-01 10:32:17.255380,taker
P-ETH-2300-010124,4.10000000,247,2024-01-01 10:34:35.633740,taker
C-ETH-2250-010124,49.50000000,10,2024-01-01 10:35:26.221099,maker
C-ETH-2300-020124,21.40000000,100,2024-01-01 10:36:11.822139,taker
P-ETH-2150-050124,10.40000000,6,2024-01-01 10:37:06.997879,taker
P-ETH-2400-020124,97.60000000,10,2024-01-01 10:39:10.907309,maker
P-ETH-2200-050124,17.20000000,119,2024-01-01 10:39:44.629187,maker
C-ETH-2300-010124,3.90000000,35,2024-01-01 10:43:08.752141,maker
P-ETH-2300-010124,3.40000000,26,2024-01-01 10:43:20.153010,maker
P-ETH-2300-010124,3.30000000,247,2024-01-01 10:44:27.852727,maker
P-ETH-2320-020124,30.00000000,23,2024-01-01 10:45:05.558611,maker
P-ETH-2200-010124,0.01000000,8474,2024-01-01 10:45:40.062776,maker
C-ETH-2320-010124,0.10000000,200,2024-01-01 10:49:49.742167,maker
C-ETH-2420-020124,0.60000000,200,2024-01-01 10:50:08.354339,taker
C-ETH-2400-010124,0.01000000,5290,2024-01-01 10:50:40.557599,maker
C-ETH-2300-010124,5.80000000,67,2024-01-01 10:51:08.008155,taker
C-ETH-2460-030124,2.20000000,1096,2024-01-01 10:52:33.131447,maker
C-ETH-2460-030124,2.20000000,1034,2024-01-01 10:52:33.197760,taker
P-ETH-2300-020124,18.00000000,100,2024-01-01 10:53:17.370888,taker
C-ETH-2400-020124,1.00000000,620,2024-01-01 10:53:27.708943,taker
P-ETH-2300-010124,2.90000000,100,2024-01-01 10:53:57.968329,taker
C-ETH-2300-010124,5.00000000,20,2024-01-01 10:54:17.636077,taker
P-ETH-2260-020124,5.90000000,100,2024-01-01 10:56:50.443363,taker
P-ETH-2160-020124,0.30000000,100,2024-01-01 10:57:19.602171,taker
P-ETH-2160-020124,0.30000000,200,2024-01-01 10:57:32.424094,taker
P-ETH-2160-020124,0.30000000,100,2024-01-01 10:57:40.245883,taker
P-ETH-2160-020124,0.30000000,100,2024-01-01 10:57:42.265655,taker
P-ETH-2160-020124,0.30000000,100,2024-01-01 10:57:55.369477,taker
P-ETH-2160-020124,0.30000000,100,2024-01-01 10:57:56.252783,taker
P-ETH-2160-020124,0.30000000,100,2024-01-01 10:57:57.372144,taker
P-ETH-2160-020124,0.30000000,100,2024-01-01 10:58:10.604796,taker
P-ETH-2160-020124,0.30000000,100,2024-01-01 10:58:25.807177,taker
P-ETH-2160-020124,0.30000000,100,2024-01-01 10:58:28.688088,taker
C-ETH-2300-010124,3.90000000,67,2024-01-01 10:58:56.810174,maker
P-ETH-2300-010124,2.10000000,50,2024-01-01 10:59:26.723769,maker
P-ETH-2280-010124,0.10000000,410,2024-01-01 10:59:32.115494,maker
P-ETH-2240-010124,0.01000000,42,2024-01-01 10:59:56.031892,maker
C-ETH-2340-020124,6.10000000,1,2024-01-01 11:01:14.591491,maker
C-ETH-2320-010124,0.10000000,150,2024-01-01 11:02:23.692775,maker
C-ETH-2380-020124,1.70000000,1,2024-01-01 11:04:03.335102,taker
C-ETH-2320-010124,0.10000000,650,2024-01-01 11:04:42.711687,maker
C-ETH-2320-010124,0.01000000,79,2024-01-01 11:04:42.711733,maker
C-ETH-2380-020124,1.70000000,100,2024-01-01 11:05:47.156657,taker
C-ETH-2340-010124,0.01000000,10,2024-01-01 11:06:28.822651,maker
P-ETH-2320-020124,29.00000000,23,2024-01-01 11:06:42.647902,maker
P-ETH-2160-020124,0.30000000,600,2024-01-01 11:06:42.851256,taker
P-ETH-2160-020124,0.30000000,100,2024-01-01 11:06:47.436348,taker
P-ETH-2160-020124,0.30000000,100,2024-01-01 11:06:48.926933,taker
P-ETH-2160-020124,0.30000000,100,2024-01-01 11:07:02.731979,taker
P-ETH-2160-020124,0.30000000,100,2024-01-01 11:07:03.891064,taker
P-ETH-2160-020124,0.30000000,100,2024-01-01 11:07:17.775721,taker
P-ETH-2160-020124,0.30000000,100,2024-01-01 11:07:18.652094,taker
P-ETH-2160-020124,0.30000000,100,2024-01-01 11:07:33.242783,taker
P-ETH-2160-020124,0.30000000,100,2024-01-01 11:07:35.162543,taker
P-ETH-2160-020124,0.30000000,100,2024-01-01 11:07:48.243084,taker
P-ETH-2160-020124,0.30000000,100,2024-01-01 11:07:50.792089,taker
C-ETH-2300-010124,6.40000000,6,2024-01-01 11:08:01.828333,taker
P-ETH-2160-020124,0.30000000,100,2024-01-01 11:08:03.750826,taker
P-ETH-2200-050124,16.40000000,119,2024-01-01 11:08:55.510117,taker
P-ETH-2280-010124,0.10000000,21,2024-01-01 11:10:22.094917,maker
C-ETH-2300-010124,6.40000000,1000,2024-01-01 11:11:05.774617,taker
C-ETH-2300-010124,5.80000000,1000,2024-01-01 11:12:12.559828,maker
P-ETH-2300-010124,1.00000000,43,2024-01-01 11:13:07.234547,maker
P-ETH-2140-010124,0.01000000,8600,2024-01-01 11:13:39.725028,maker
P-ETH-2160-010124,0.01000000,4794,2024-01-01 11:13:59.431975,maker
C-ETH-2300-010124,4.50000000,20,2024-01-01 11:14:28.882688,maker
C-ETH-2340-010124,0.20000000,10,2024-01-01 11:15:07.022005,taker
C-ETH-2300-010124,5.00000000,100,2024-01-01 11:15:13.316164,maker
P-ETH-2280-010124,0.10000000,569,2024-01-01 11:15:41.684471,maker
P-ETH-2160-020124,0.30000000,59,2024-01-01 11:16:24.733124,taker
P-ETH-2300-020124,16.30000000,68,2024-01-01 11:16:48.649708,maker
C-ETH-2300-010124,4.89000000,1,2024-01-01 11:17:47.465436,taker
C-ETH-2300-010124,4.20000000,1.000000000000000000,2024-01-01 11:20:18.140412,maker
C-ETH-2300-010124,3.20000000,61,2024-01-01 11:21:05.063951,maker
C-ETH-2300-010124,3.00000000,144.000000000000000000,2024-01-01 11:21:46.542234,maker
P-ETH-2300-020124,18.00000000,50,2024-01-01 11:24:16.865442,maker
P-ETH-2160-020124,0.30000000,100,2024-01-01 11:27:19.761012,taker
P-ETH-2160-020124,0.30000000,100,2024-01-01 11:27:33.924979,taker
P-ETH-2160-020124,0.30000000,100,2024-01-01 11:27:34.782612,taker
P-ETH-2160-020124,0.30000000,100,2024-01-01 11:27:49.082246,taker
P-ETH-2160-020124,0.30000000,100,2024-01-01 11:27:51.047536,taker
P-ETH-2160-020124,0.30000000,100,2024-01-01 11:28:04.507291,taker
P-ETH-2160-020124,0.30000000,100,2024-01-01 11:28:05.546180,taker
P-ETH-2300-010124,0.90000000,1,2024-01-01 11:28:10.411079,maker
P-ETH-2160-020124,0.30000000,100,2024-01-01 11:28:19.676772,taker
P-ETH-2140-010124,0.01000000,10000,2024-01-01 11:28:20.544792,maker
P-ETH-2160-020124,0.30000000,100,2024-01-01 11:28:22.914406,taker
P-ETH-2160-010124,0.01000000,10000,2024-01-01 11:28:31.313330,maker
P-ETH-2160-020124,0.30000000,100,2024-01-01 11:28:34.989822,taker
P-ETH-2160-020124,0.30000000,100,2024-01-01 11:28:35.810305,taker
P-ETH-2180-010124,0.01000000,10000,2024-01-01 11:28:45.400403,maker
P-ETH-2200-010124,0.01000000,10000,2024-01-01 11:28:58.241281,maker
C-ETH-2300-010124,3.30000000,2,2024-01-01 11:29:17.164796,taker
C-ETH-2560-010124,0.01000000,10000,2024-01-01 11:29:28.525046,maker
P-ETH-2160-020124,0.30000000,200,2024-01-01 11:29:35.911869,taker
C-ETH-2400-020124,1.00000000,1100,2024-01-01 11:29:40.482966,taker
C-ETH-2400-020124,1.33000000,900,2024-01-01 11:29:40.484029,taker
P-ETH-2160-020124,0.30000000,100,2024-01-01 11:29:50.928068,taker
P-ETH-2160-020124,0.30000000,100,2024-01-01 11:29:51.883140,taker
P-ETH-2320-010124,18.10000000,50,2024-01-01 11:29:55.335539,taker
C-ETH-2540-010124,0.01000000,9000,2024-01-01 11:29:55.624755,maker
P-ETH-2160-020124,0.30000000,100,2024-01-01 11:30:06.161773,taker
P-ETH-2160-020124,0.30000000,100,2024-01-01 11:30:07.142253,taker
P-ETH-2160-020124,0.30000000,100,2024-01-01 11:30:21.519755,taker
C-ETH-2300-010124,3.60000000,2,2024-01-01 11:30:25.833019,maker
C-ETH-2320-020124,11.70000000,2,2024-01-01 11:30:35.444337,maker
P-ETH-2160-020124,0.30000000,100,2024-01-01 11:30:36.500069,taker
P-ETH-2160-020124,0.30000000,100,2024-01-01 11:30:37.895008,taker
P-ETH-2160-020124,0.30000000,100,2024-01-01 11:30:51.952125,taker
P-ETH-2300-010124,0.60000000,81,2024-01-01 11:30:52.689208,maker
P-ETH-2160-020124,0.30000000,200,2024-01-01 11:31:58.391444,taker
P-ETH-2160-020124,0.30000000,200,2024-01-01 11:32:13.243605,taker
P-ETH-2280-010124,0.20000000,21,2024-01-01 11:33:13.068275,taker
P-ETH-2160-020124,0.30000000,200,2024-01-01 11:33:29.539677,taker
P-ETH-2160-020124,0.30000000,100,2024-01-01 11:33:39.276857,taker
P-ETH-2300-010124,0.90000000,10,2024-01-01 11:33:48.817274,maker
P-ETH-2160-020124,0.30000000,55,2024-01-01 11:34:02.993177,taker
C-ETH-2300-010124,2.30000000,65,2024-01-01 11:34:06.386381,maker
C-ETH-2360-010124,0.01000000,324,2024-01-01 11:34:06.829003,maker
P-ETH-2300-010124,0.60000000,10,2024-01-01 11:36:05.458884,maker
C-ETH-2320-010124,0.01000000,138,2024-01-01 11:36:45.088231,maker
P-ETH-2300-010124,0.60000000,10,2024-01-01 11:37:49.378325,maker
P-ETH-2300-010124,0.80000000,10,2024-01-01 11:38:01.558584,maker
C-ETH-2300-010124,2.00000000,200,2024-01-01 11:38:56.221957,maker
P-ETH-2280-030124,21.10000000,7,2024-01-01 11:39:35.054519,maker
P-ETH-2300-010124,0.60000000,30,2024-01-01 11:39:47.154573,maker
P-ETH-2300-010124,0.60000000,30,2024-01-01 11:39:56.362509,maker
C-ETH-2280-010124,20.90000000,10,2024-01-01 11:42:42.345913,taker
C-ETH-2440-010124,0.01000000,100,2024-01-01 11:42:42.356233,maker
P-ETH-2200-010124,0.01000000,20,2024-01-01 11:42:42.390080,maker
C-ETH-2300-020124,18.50000000,15,2024-01-01 11:42:44.960258,maker
P-ETH-2200-020124,0.80000000,10,2024-01-01 11:42:49.018155,taker
C-ETH-2300-010124,1.50000000,1500,2024-01-01 11:43:05.252899,maker
P-ETH-2300-010124,0.90000000,1500,2024-01-01 11:43:19.502873,maker
P-ETH-2300-010124,0.80000000,88,2024-01-01 11:43:31.438971,maker
P-ETH-2300-010124,0.80000000,88,2024-01-01 11:43:31.641662,taker
P-ETH-2300-010124,0.80000000,1412,2024-01-01 11:43:31.960041,taker
P-ETH-2300-010124,0.80000000,1186,2024-01-01 11:43:40.367370,maker
P-ETH-2300-010124,0.80000000,1500,2024-01-01 11:43:42.225004,maker
C-ETH-2300-010124,1.30000000,1500,2024-01-01 11:43:55.873320,maker
P-ETH-2300-010124,0.80000000,2566,2024-01-01 11:44:35.057328,maker
P-ETH-2300-010124,0.80000000,1142,2024-01-01 11:44:47.000818,maker
P-ETH-2300-010124,0.80000000,358,2024-01-01 11:44:47.106056,taker
C-ETH-2280-020124,30.30000000,73,2024-01-01 11:44:51.000100,maker
C-ETH-2300-010124,1.20000000,181,2024-01-01 11:44:52.042845,maker
C-ETH-2300-010124,1.20000000,181,2024-01-01 11:44:52.205856,taker
C-ETH-2300-010124,1.20000000,1138,2024-01-01 11:44:52.488655,taker
P-ETH-2300-010124,0.70000000,942,2024-01-01 11:44:59.508344,maker
P-ETH-2300-010124,0.50000000,350,2024-01-01 11:45:37.131553,maker
P-ETH-2300-010124,0.50000000,5820,2024-01-01 11:45:37.131613,maker
P-ETH-2300-010124,0.50000000,1500,2024-01-01 11:45:37.212255,maker
P-ETH-2300-010124,0.40000000,100,2024-01-01 11:45:46.371732,maker
P-ETH-2300-010124,0.50000000,1000,2024-01-01 11:45:50.516891,taker
P-ETH-2300-010124,0.50000000,197,2024-01-01 11:46:04.893009,maker
P-ETH-2300-010124,0.50000000,196,2024-01-01 11:46:04.953670,taker
P-ETH-2300-010124,0.50000000,1157,2024-01-01 11:46:05.275758,taker
C-ETH-2300-010124,1.20000000,96,2024-01-01 11:46:11.722782,maker
C-ETH-2300-010124,1.20000000,1327,2024-01-01 11:46:11.722838,maker
C-ETH-2300-010124,1.20000000,77,2024-01-01 11:46:11.824756,taker
C-ETH-2560-010124,0.01000000,5831,2024-01-01 11:46:15.957272,maker
P-ETH-2300-010124,0.50000000,4402,2024-01-01 11:46:34.244997,maker
P-ETH-2300-010124,0.40000000,10,2024-01-01 11:46:36.931729,maker
P-ETH-2300-010124,0.40000000,6,2024-01-01 11:46:55.545074,maker
P-ETH-2300-010124,0.40000000,20,2024-01-01 11:46:57.243583,maker
P-ETH-2300-010124,0.40000000,1500,2024-01-01 11:47:04.939184,maker
P-ETH-2300-010124,0.40000000,100,2024-01-01 11:47:18.483388,maker
C-ETH-2300-010124,1.00000000,1500,2024-01-01 11:47:35.341081,maker
P-ETH-2300-010124,0.40000000,1000,2024-01-01 11:47:45.075137,maker
P-ETH-2300-010124,0.40000000,3069,2024-01-01 11:47:47.796150,maker
P-ETH-2300-010124,0.40000000,1001,2024-01-01 11:47:48.035157,taker
P-ETH-2300-010124,0.30000000,100,2024-01-01 11:47:51.739819,maker
C-ETH-2300-010124,0.90000000,1,2024-01-01 11:48:16.199983,maker
C-ETH-2300-020124,18.90000000,21,2024-01-01 11:48:49.989652,maker
P-ETH-2300-010124,0.30000000,1500,2024-01-01 11:48:57.583351,maker
C-ETH-2280-010124,20.00000000,9,2024-01-01 11:48:59.584648,maker
C-ETH-2300-010124,0.80000000,1500,2024-01-01 11:49:15.289701,maker
C-ETH-2400-010124,0.01000000,8600,2024-01-01 11:49:32.199404,maker
C-ETH-2400-010124,0.01000000,8600,2024-01-01 11:49:34.294251,maker
C-ETH-2400-010124,0.01000000,8600,2024-01-01 11:49:37.811376,maker
P-ETH-2280-020124,9.70000000,51,2024-01-01 11:49:40.765795,maker
C-ETH-2400-010124,0.01000000,8600,2024-01-01 11:49:41.495513,maker
C-ETH-2400-010124,0.01000000,8600,2024-01-01 11:49:44.256024,maker
C-ETH-2400-010124,0.01000000,8600,2024-01-01 11:49:47.116972,maker
C-ETH-2400-010124,0.01000000,8600,2024-01-01 11:49:49.793062,maker
C-ETH-2400-010124,0.01000000,5395,2024-01-01 11:49:53.050432,maker
C-ETH-2400-010124,0.01000000,3205,2024-01-01 11:49:53.106304,taker
P-ETH-2300-010124,0.30000000,1500,2024-01-01 11:49:57.086824,maker
C-ETH-2440-010124,0.01000000,8600,2024-01-01 11:49:57.927675,maker
C-ETH-2440-010124,0.01000000,8600,2024-01-01 11:50:00.079400,maker
C-ETH-2440-010124,0.01000000,8600,2024-01-01 11:50:02.480874,maker
C-ETH-2440-010124,0.01000000,8600,2024-01-01 11:50:05.418533,maker
C-ETH-2440-010124,0.01000000,8600,2024-01-01 11:50:07.838036,maker
C-ETH-2440-010124,0.01000000,8600,2024-01-01 11:50:10.542474,maker
C-ETH-2440-010124,0.01000000,1590,2024-01-01 11:50:12.876740,maker
C-ETH-2440-010124,0.01000000,1590,2024-01-01 11:50:12.947343,taker
C-ETH-2500-010124,0.01000000,8600,2024-01-01 11:50:18.497951,maker
P-ETH-2300-010124,0.20000000,100,2024-01-01 11:50:20.455084,maker
C-ETH-2500-010124,0.01000000,8600,2024-01-01 11:50:20.953928,maker
C-ETH-2500-010124,0.01000000,8600,2024-01-01 11:50:22.939472,maker
C-ETH-2500-010124,0.01000000,8600,2024-01-01 11:50:25.542008,maker
P-ETH-2300-010124,0.20000000,300,2024-01-01 11:50:26.601218,maker
C-ETH-2500-010124,0.01000000,8600,2024-01-01 11:50:28.005951,maker
P-ETH-2300-010124,0.20000000,2000,2024-01-01 11:50:30.053390,maker
C-ETH-2500-010124,0.01000000,8111,2024-01-01 11:50:30.507862,maker
C-ETH-2500-010124,0.01000000,489,2024-01-01 11:50:30.656724,taker
P-ETH-2300-010124,0.20000000,300,2024-01-01 11:50:35.971652,maker
C-ETH-2420-010124,0.01000000,8600,2024-01-01 11:50:38.309325,maker
C-ETH-2420-010124,0.01000000,8600,2024-01-01 11:50:40.501964,maker
C-ETH-2420-010124,0.01000000,8600,2024-01-01 11:50:43.355357,maker
C-ETH-2420-010124,0.01000000,8600,2024-01-01 11:50:45.958821,maker
P-ETH-2300-020124,17.50000000,21,2024-01-01 11:50:48.158491,taker
C-ETH-2420-010124,0.01000000,8600,2024-01-01 11:50:48.203883,maker
C-ETH-2420-010124,0.01000000,7713,2024-01-01 11:50:50.709885,maker
C-ETH-2420-010124,0.01000000,887,2024-01-01 11:50:50.788495,taker
P-ETH-2300-010124,0.10000000,50,2024-01-01 11:50:54.169565,maker
C-ETH-2520-010124,0.01000000,8600,2024-01-01 11:50:54.621224,maker
C-ETH-2520-010124,0.01000000,6518,2024-01-01 11:50:56.912008,maker
P-ETH-2300-010124,0.10000000,561,2024-01-01 11:50:57.901923,maker
P-ETH-2300-010124,0.10000000,52,2024-01-01 11:50:58.051306,taker
C-ETH-2520-010124,0.01000000,8600,2024-01-01 11:50:59.401385,maker
P-ETH-2300-010124,0.10000000,300,2024-01-01 11:51:01.363100,maker
C-ETH-2520-010124,0.01000000,8600,2024-01-01 11:51:01.970738,maker
C-ETH-2520-010124,0.01000000,8600,2024-01-01 11:51:04.386080,maker
C-ETH-2520-010124,0.01000000,8540,2024-01-01 11:51:06.725067,maker
C-ETH-2520-010124,0.01000000,60,2024-01-01 11:51:06.786449,taker
C-ETH-2460-010124,0.01000000,2429,2024-01-01 11:51:10.888348,maker
C-ETH-2460-010124,0.01000000,978,2024-01-01 11:51:13.498377,maker
C-ETH-2460-010124,0.01000000,2531,2024-01-01 11:51:16.014864,maker
C-ETH-2460-010124,0.01000000,2442,2024-01-01 11:51:18.640863,maker
C-ETH-2460-010124,0.01000000,6256,2024-01-01 11:51:21.197554,maker
C-ETH-2460-010124,0.01000000,6744,2024-01-01 11:51:23.938297,maker
C-ETH-2460-010124,0.01000000,8600,2024-01-01 11:51:26.849933,maker
C-ETH-2460-010124,0.01000000,8600,2024-01-01 11:51:29.571895,maker
P-ETH-2300-010124,0.10000000,26,2024-01-01 11:51:30.250019,taker
C-ETH-2460-010124,0.01000000,8600,2024-01-01 11:51:33.068210,maker
P-ETH-2160-010124,0.01000000,8600,2024-01-01 11:51:35.187530,maker
C-ETH-2460-010124,0.01000000,2201,2024-01-01 11:51:36.571550,maker
C-ETH-2460-010124,0.01000000,2201,2024-01-01 11:51:36.821120,taker
C-ETH-2460-010124,0.01000000,2201,2024-01-01 11:51:37.077878,taker
C-ETH-2480-010124,0.01000000,380,2024-01-01 11:51:42.874054,maker
C-ETH-2480-010124,0.01000000,937,2024-01-01 11:51:45.405538,maker
C-ETH-2480-010124,0.01000000,1010,2024-01-01 11:51:47.833681,maker
C-ETH-2480-010124,0.01000000,8600,2024-01-01 11:51:50.467584,maker
C-ETH-2480-010124,0.01000000,8600,2024-01-01 11:51:52.894488,maker
C-ETH-2480-010124,0.01000000,8600,2024-01-01 11:51:55.363048,maker
C-ETH-2480-010124,0.01000000,8600,2024-01-01 11:51:57.536152,maker
C-ETH-2480-010124,0.01000000,8600,2024-01-01 11:52:00.447118,maker
P-ETH-2160-010124,0.01000000,8600,2024-01-01 11:52:03.377971,maker
C-ETH-2540-010124,0.01000000,5280,2024-01-01 11:52:05.334896,maker
C-ETH-2540-010124,0.01000000,8600,2024-01-01 11:52:07.683958,maker
C-ETH-2540-010124,0.01000000,8600,2024-01-01 11:52:09.887223,maker
C-ETH-2540-010124,0.01000000,8600,2024-01-01 11:52:12.095699,maker
C-ETH-2540-010124,0.01000000,8600,2024-01-01 11:52:14.994197,maker
P-ETH-2180-010124,0.01000000,8600,2024-01-01 11:52:17.098494,maker
P-ETH-2180-010124,0.01000000,791,2024-01-01 11:52:19.372623,maker
P-ETH-2180-010124,0.01000000,8600,2024-01-01 11:52:21.848848,maker
P-ETH-2180-010124,0.01000000,8600,2024-01-01 11:52:24.202786,maker
P-ETH-2180-010124,0.01000000,8600,2024-01-01 11:52:26.356194,maker
P-ETH-2180-010124,0.01000000,2560,2024-01-01 11:52:28.810430,maker
P-ETH-2140-010124,0.01000000,2755,2024-01-01 11:52:34.993762,maker
P-ETH-2140-010124,0.01000000,8600,2024-01-01 11:52:37.276767,maker
P-ETH-2140-010124,0.01000000,8600,2024-01-01 11:52:39.707490,maker
P-ETH-2140-010124,0.01000000,8600,2024-01-01 11:52:41.906279,maker
P-ETH-2160-010124,0.01000000,413,2024-01-01 11:52:46.442333,maker
P-ETH-2160-010124,0.01000000,2407,2024-01-01 11:52:48.747753,maker
P-ETH-2160-010124,0.01000000,7930,2024-01-01 11:52:51.440161,maker
P-ETH-2160-010124,0.01000000,7377,2024-01-01 11:52:53.958694,maker
P-ETH-2160-010124,0.01000000,1223,2024-01-01 11:52:54.082273,taker
P-ETH-2200-010124,0.01000000,8600,2024-01-01 11:52:58.333071,maker
C-ETH-2560-010124,0.01000000,1188,2024-01-01 11:52:59.028111,maker
C-ETH-2560-010124,0.01000000,7557,2024-01-01 11:53:01.106891,maker
C-ETH-2560-010124,0.01000000,1043,2024-01-01 11:53:08.505499,maker
P-ETH-2140-010124,0.01000000,2520,2024-01-01 11:53:23.769009,maker
P-ETH-2140-010124,0.01000000,4999,2024-01-01 11:53:37.643656,maker
P-ETH-2140-010124,0.01000000,3601,2024-01-01 11:53:37.665473,taker
P-ETH-2200-010124,0.01000000,8600,2024-01-01 11:53:45.083834,maker
P-ETH-2220-010124,0.01000000,8600,2024-01-01 11:53:49.921332,maker
P-ETH-2230-010124,0.01000000,2847,2024-01-01 11:53:56.370340,maker
P-ETH-2200-010124,0.01000000,8600,2024-01-01 11:54:19.601290,maker
P-ETH-2220-010124,0.01000000,8600,2024-01-01 11:54:23.515389,maker
P-ETH-2230-010124,0.01000000,8600,2024-01-01 11:54:28.002092,maker
P-ETH-2240-010124,0.01000000,8600,2024-01-01 11:54:32.523163,maker
C-ETH-2560-010124,0.01000000,6278,2024-01-01 11:54:35.458606,maker
P-ETH-2250-010124,0.01000000,8600,2024-01-01 11:54:38.200125,maker
P-ETH-2260-010124,0.01000000,2057,2024-01-01 11:54:42.500867,maker
P-ETH-2200-010124,0.01000000,8600,2024-01-01 11:54:45.419048,maker
C-ETH-2500-010124,0.01000000,549,2024-01-01 11:54:49.398665,maker
C-ETH-2500-010124,0.01000000,549,2024-01-01 11:54:49.537006,taker
P-ETH-2220-010124,0.01000000,1200,2024-01-01 11:55:04.683231,maker
P-ETH-2200-010124,0.01000000,8600,2024-01-01 11:55:05.332030,maker
P-ETH-2220-010124,0.01000000,8600,2024-01-01 11:55:09.212448,maker
C-ETH-2300-010124,2.20000000,35,2024-01-01 11:55:13.065238,taker
P-ETH-2230-010124,0.01000000,8600,2024-01-01 11:55:26.351796,maker
P-ETH-2240-010124,0.01000000,5568,2024-01-01 11:55:31.500783,maker
C-ETH-2480-010124,0.01000000,1000,2024-01-01 11:55:50.726524,maker
P-ETH-2240-010124,0.01000000,8600,2024-01-01 11:55:54.888561,maker
P-ETH-2230-010124,0.01000000,8600,2024-01-01 11:55:59.294671,maker
P-ETH-2220-010124,0.01000000,7705,2024-01-01 11:56:03.554103,maker
C-ETH-2300-020124,22.60000000,100,2024-01-01 11:56:24.071684,taker
P-ETH-2200-010124,0.01000000,8600,2024-01-01 11:56:24.750627,maker
P-ETH-2220-010124,0.01000000,8600,2024-01-01 11:56:28.505846,maker
P-ETH-2230-010124,0.01000000,8600,2024-01-01 11:56:34.418120,maker
P-ETH-2240-010124,0.01000000,7529,2024-01-01 11:56:38.444098,maker
C-ETH-2380-010124,0.01000000,4540,2024-01-01 11:56:45.176032,maker
P-ETH-2220-010124,0.01000000,4895,2024-01-01 11:56:48.607908,maker
C-ETH-2320-010124,0.01000000,50,2024-01-01 11:56:56.862786,maker
P-ETH-2280-010124,0.01000000,58,2024-01-01 11:56:59.964556,maker
C-ETH-2360-010124,0.01000000,4539,2024-01-01 11:57:00.226715,maker
P-ETH-2200-010124,0.01000000,6573,2024-01-01 11:57:01.139067,maker
C-ETH-2560-010124,0.01000000,7777,2024-01-01 11:57:08.197385,maker
P-ETH-2200-010124,0.01000000,1093,2024-01-01 11:57:09.940586,maker
C-ETH-2300-010124,2.50000000,145,2024-01-01 11:57:11.971141,taker
P-ETH-2230-010124,0.01000000,5000,2024-01-01 11:57:15.687890,maker
P-ETH-2160-020124,0.30000000,100,2024-01-01 11:57:20.155560,taker
P-ETH-2200-010124,0.01000000,820,2024-01-01 11:57:26.411005,maker
P-ETH-2160-020124,0.30000000,100,2024-01-01 11:57:27.835373,taker
C-ETH-2340-010124,0.01000000,100,2024-01-01 11:57:28.609156,maker
C-ETH-2340-010124,0.01000000,5125,2024-01-01 11:57:28.609215,maker
P-ETH-2160-020124,0.30000000,100,2024-01-01 11:57:29.727303,taker
C-ETH-2540-010124,0.01000000,1784,2024-01-01 11:57:31.008300,maker
C-ETH-2540-010124,0.01000000,1784,2024-01-01 11:57:31.187425,taker
P-ETH-2180-010124,0.01000000,274,2024-01-01 11:57:36.677325,maker
P-ETH-2160-020124,0.30000000,100,2024-01-01 11:57:43.115865,taker
P-ETH-2160-020124,0.30000000,100,2024-01-01 11:57:44.691459,taker
P-ETH-2160-020124,0.30000000,100,2024-01-01 11:57:58.328662,taker
P-ETH-2200-010124,0.01000000,4100,2024-01-01 11:57:58.709568,maker
C-ETH-2340-010124,0.01000000,5129,2024-01-01 11:58:00.145108,maker
P-ETH-2160-020124,0.30000000,100,2024-01-01 11:58:00.346149,taker
C-ETH-2420-020124,0.60000000,1096,2024-01-01 11:58:12.370834,taker
C-ETH-2420-020124,0.60000000,983,2024-01-01 11:58:12.454308,maker
P-ETH-2160-020124,0.30000000,100,2024-01-01 11:58:13.557686,taker
P-ETH-2160-020124,0.30000000,100,2024-01-01 11:58:14.495810,taker
C-ETH-2320-010124,0.01000000,7694,2024-01-01 11:58:23.585907,maker
P-ETH-2160-020124,0.30000000,100,2024-01-01 11:58:29.737425,taker
P-ETH-2200-010124,0.01000000,8109,2024-01-01 11:58:37.387723,maker
P-ETH-2200-010124,0.01000000,491,2024-01-01 11:58:37.625264,taker
P-ETH-2230-010124,0.01000000,6144,2024-01-01 11:58:43.959236,maker
P-ETH-2240-010124,0.01000000,8600,2024-01-01 11:58:47.996567,maker
P-ETH-2250-010124,0.01000000,8600,2024-01-01 11:58:51.982758,maker
C-ETH-2300-050124,58.70000000,5,2024-01-01 11:58:52.036519,taker
P-ETH-2260-010124,0.01000000,7690,2024-01-01 11:58:53.278911,maker
P-ETH-2230-010124,0.01000000,1,2024-01-01 11:58:57.183779,taker
C-ETH-2380-010124,0.01000000,8600,2024-01-01 11:58:58.632848,maker
P-ETH-2220-010124,0.01000000,172,2024-01-01 11:59:00.277808,maker
P-ETH-2220-010124,0.01000000,172,2024-01-01 11:59:00.511130,taker
C-ETH-2360-010124,0.01000000,8600,2024-01-01 11:59:03.835015,maker
P-ETH-2240-010124,0.01000000,4400,2024-01-01 11:59:09.582447,maker
P-ETH-2240-010124,0.01000000,2000,2024-01-01 11:59:12.406681,maker
P-ETH-2240-010124,0.01000000,3094,2024-01-01 11:59:19.027637,maker
P-ETH-2240-010124,0.01000000,2964,2024-01-01 11:59:19.105840,taker
P-ETH-2250-010124,0.01000000,8600,2024-01-01 11:59:35.869651,maker
P-ETH-2250-010124,0.01000000,5710,2024-01-01 11:59:37.970597,maker
P-ETH-2260-010124,0.01000000,8600,2024-01-01 11:59:40.318503,maker
P-ETH-2280-010124,0.01000000,3482,2024-01-01 11:59:57.128945,maker
C-ETH-2300-010124,1.48551724,21,2024-01-01 12:00:01.866297,taker
C-ETH-2300-010124,1.48551724,7500,2024-01-01 12:00:01.867813,taker
C-ETH-2300-010124,1.48551724,65,2024-01-01 12:00:01.869201,taker
C-ETH-2300-010124,1.48551724,1,2024-01-01 12:00:01.869754,taker
C-ETH-2300-010124,1.48551724,8,2024-01-01 12:00:01.871421,taker
C-ETH-2300-010124,1.48551724,1500,2024-01-01 12:00:01.873471,taker
C-ETH-2300-010124,1.48551724,54,2024-01-01 12:00:01.874329,taker
C-ETH-2300-010124,1.48551724,761,2024-01-01 12:00:01.894085,taker
P-ETH-2320-010124,18.51448276,21,2024-01-01 12:00:04.105058,taker
P-ETH-2320-010124,18.51448276,29,2024-01-01 12:00:06.675724,taker
P-ETH-2160-020124,0.30000000,95,2024-01-01 12:00:52.115172,taker
P-ETH-2160-020124,0.30000000,676,2024-01-01 12:00:53.834147,taker
P-ETH-2160-020124,0.30000000,200,2024-01-01 12:01:30.730740,taker
C-ETH-2340-020124,6.40000000,20,2024-01-01 12:01:44.247128,maker
P-ETH-2160-020124,0.30000000,100,2024-01-01 12:01:46.511120,taker
P-ETH-2160-020124,0.30000000,100,2024-01-01 12:01:47.890848,taker
P-ETH-2280-030124,20.80000000,16,2024-01-01 12:01:54.135785,taker
P-ETH-2160-020124,0.30000000,100,2024-01-01 12:02:01.717404,taker
P-ETH-2160-020124,0.30000000,100,2024-01-01 12:02:02.856137,taker
P-ETH-2280-020124,7.50000000,20,2024-01-01 12:02:07.543915,maker
P-ETH-2200-020124,0.60000000,100,2024-01-01 12:02:33.300811,taker
C-ETH-2300-020124,20.90000000,50,2024-01-01 12:03:30.108964,taker
C-ETH-3100-230224,46.20000000,29,2024-01-01 12:06:31.036997,taker
C-ETH-2300-120124,109.30000000,10,2024-01-01 12:09:37.569458,maker
C-ETH-2400-030124,5.90000000,34,2024-01-01 12:11:40.922013,maker
C-ETH-2420-020124,0.50000000,100,2024-01-01 12:12:13.023107,taker
C-ETH-2380-020124,1.50000000,1,2024-01-01 12:12:37.119017,taker
C-ETH-2300-050124,54.40000000,10,2024-01-01 12:15:46.451960,maker
P-ETH-2320-020124,28.11000000,180,2024-01-01 12:16:30.592842,maker
P-ETH-2160-020124,0.30000000,100,2024-01-01 12:18:57.490829,taker
C-ETH-2220-020124,82.70000000,43,2024-01-01 12:19:30.484495,maker
P-ETH-2300-020124,15.41000000,2,2024-01-01 12:22:02.351153,maker
P-ETH-2300-030124,30.10000000,3,2024-01-01 12:22:27.192883,taker
P-ETH-2300-020124,16.90000000,107,2024-01-01 12:22:34.027115,taker
C-ETH-3100-230224,46.20000000,1,2024-01-01 12:22:54.289497,taker
P-ETH-2280-020124,9.10000000,51,2024-01-01 12:23:14.596132,taker
P-ETH-2320-020124,28.00000000,180,2024-01-01 12:23:33.509242,taker
C-ETH-2260-020124,48.20000000,100,2024-01-01 12:24:12.551003,taker
C-ETH-2340-030124,18.00000000,25,2024-01-01 12:24:17.817037,taker
P-ETH-2320-020124,29.10000000,71,2024-01-01 12:25:00.468027,taker
P-ETH-2160-020124,0.20000000,905,2024-01-01 12:27:20.162791,taker
C-ETH-3100-230224,46.30000000,1,2024-01-01 12:29:48.376809,taker
P-ETH-2000-120124,13.20000000,141,2024-01-01 12:32:15.051698,maker
C-ETH-2300-020124,21.10000000,1000,2024-01-01 12:33:48.737972,taker
P-ETH-2300-020124,14.41000000,21,2024-01-01 12:35:51.156088,maker
C-ETH-2280-020124,35.70000000,73,2024-01-01 12:37:09.620206,taker
C-ETH-2300-020124,22.50000000,90,2024-01-01 12:37:11.193794,taker
C-ETH-2300-020124,24.69000000,957,2024-01-01 12:37:11.194650,taker
C-ETH-2260-020124,49.80000000,100,2024-01-01 12:41:14.855877,maker
P-ETH-2220-030124,6.30000000,310,2024-01-01 12:42:09.055151,maker
P-ETH-2240-020124,1.80000000,5,2024-01-01 12:43:45.576511,taker
C-ETH-2310-020124,18.00000000,100,2024-01-01 12:44:21.309801,maker
C-ETH-2400-030124,5.60000000,10,2024-01-01 12:46:17.907504,taker
P-ETH-2160-020124,0.20000000,100,2024-01-01 12:49:12.983055,taker
C-ETH-2310-020124,14.80000000,117,2024-01-01 12:49:31.912984,maker
P-ETH-2300-050124,45.80000000,25,2024-01-01 12:50:20.644937,taker
C-ETH-2300-050124,57.60000000,25,2024-01-01 12:50:46.530057,taker
P-ETH-2300-020124,15.50000000,12,2024-01-01 12:51:56.251316,taker
C-ETH-2500-030124,1.20000000,16,2024-01-01 12:52:39.557633,maker
P-ETH-2160-030124,1.50000000,14,2024-01-01 12:53:12.330980,maker
C-ETH-2310-020124,16.70000000,58,2024-01-01 12:53:31.062059,maker
C-ETH-2400-020124,0.80000000,1,2024-01-01 12:54:06.002484,taker
C-ETH-2300-020124,21.00000000,4,2024-01-01 12:54:22.046764,taker
C-ETH-2320-020124,11.00000000,55,2024-01-01 12:55:19.209692,maker
P-ETH-2180-020124,0.30000000,1000,2024-01-01 12:55:20.451802,taker
P-ETH-2280-020124,9.00000000,10,2024-01-01 12:56:17.546977,taker
C-ETH-2300-020124,18.00000000,100,2024-01-01 12:57:13.468429,maker
P-ETH-2160-020124,0.20000000,930,2024-01-01 12:57:20.412044,taker
C-ETH-2310-020124,14.80000000,117,2024-01-01 12:57:20.652897,taker
P-ETH-2160-020124,0.20000000,100,2024-01-01 12:57:21.507925,taker
P-ETH-2280-030124,20.50000000,124,2024-01-01 13:00:45.106761,taker
C-ETH-2300-020124,19.00000000,150,2024-01-01 13:00:48.405283,taker
P-ETH-2300-020124,17.16000000,18,2024-01-01 13:02:47.757326,taker
P-ETH-2300-020124,18.00000000,10,2024-01-01 13:02:49.593680,taker
P-ETH-2200-030124,4.80000000,321,2024-01-01 13:04:40.115962,maker
P-ETH-2300-020124,17.51000000,26,2024-01-01 13:05:16.535813,maker
C-ETH-2300-020124,20.60000000,1,2024-01-01 13:10:25.527307,taker
P-ETH-2300-020124,14.31000000,10,2024-01-01 13:11:07.799920,maker
C-ETH-2300-020124,21.90000000,100,2024-01-01 13:17:17.766105,taker
C-ETH-2400-020124,0.90000000,50,2024-01-01 13:18:24.680018,taker
P-ETH-2310-020124,18.50000000,2,2024-01-01 13:20:02.941596,maker
C-ETH-2320-020124,11.50000000,55,2024-01-01 13:21:18.738530,maker
C-ETH-2300-020124,22.00000000,4,2024-01-01 13:22:10.730900,maker
C-ETH-2300-020124,22.60000000,146,2024-01-01 13:22:51.018189,taker
C-ETH-2300-020124,22.50000000,44,2024-01-01 13:24:39.591865,taker
C-ETH-2300-020124,22.00000000,109,2024-01-01 13:25:17.553011,taker
C-ETH-2300-020124,20.40000000,10,2024-01-01 13:26:33.483101,maker
P-ETH-2280-020124,7.50000000,100,2024-01-01 13:27:43.957550,maker
C-ETH-2300-020124,22.00000000,12,2024-01-01 13:27:47.852669,taker
C-ETH-2300-020124,22.50000000,49,2024-01-01 13:30:58.747607,taker
P-ETH-2320-020124,26.10000000,13,2024-01-01 13:31:42.160657,taker
C-ETH-2300-020124,21.10000000,100,2024-01-01 13:33:12.772909,maker
P-ETH-2290-020124,8.90000000,20,2024-01-01 13:33:49.442670,maker
C-ETH-2300-020124,22.90000000,100,2024-01-01 13:35:18.681106,taker
P-ETH-2310-020124,18.22000000,22,2024-01-01 13:36:48.002056,taker
P-ETH-2320-020124,23.20000000,72,2024-01-01 13:37:42.805134,maker
C-ETH-2260-020124,51.10000000,31,2024-01-01 13:40:34.432329,taker
P-ETH-2300-020124,14.00000000,65,2024-01-01 13:40:44.907193,maker
C-ETH-2300-020124,21.90000000,109,2024-01-01 13:42:18.409099,taker
P-ETH-2320-020124,23.31000000,2,2024-01-01 13:42:29.091797,maker
P-ETH-2320-020124,24.70000000,10,2024-01-01 13:43:17.672531,taker
P-ETH-2300-020124,14.00000000,35,2024-01-01 13:43:40.425339,maker
C-ETH-2260-020124,53.00000000,21,2024-01-01 13:43:44.123954,taker
C-ETH-2300-020124,23.00000000,100,2024-01-01 13:44:42.609085,taker
P-ETH-2200-020124,0.40000000,1000,2024-01-01 13:45:03.604286,taker
P-ETH-2240-020124,1.03000000,100,2024-01-01 13:45:17.797038,taker
P-ETH-2310-020124,18.00000000,1,2024-01-01 13:45:40.303483,maker
C-ETH-2400-020124,0.90000000,989,2024-01-01 13:45:45.168530,taker
C-ETH-2310-020124,17.50000000,105,2024-01-01 13:46:01.622821,maker
P-ETH-2320-020124,24.30000000,2,2024-01-01 13:46:06.161471,taker
C-ETH-2300-020124,22.70000000,100,2024-01-01 13:46:20.141412,taker
C-ETH-2300-020124,20.50000000,100,2024-01-01 13:46:57.936049,maker
C-ETH-2300-020124,20.60000000,100,2024-01-01 13:47:19.274138,maker
C-ETH-2300-020124,20.10000000,100,2024-01-01 13:47:40.116957,maker
C-ETH-2460-030124,2.10000000,25,2024-01-01 13:48:16.698169,maker
P-ETH-2400-050124,109.40000000,54,2024-01-01 13:54:06.456872,taker
C-ETH-3100-230224,46.80000000,1,2024-01-01 13:54:58.838593,taker
C-ETH-2850-120124,5.50000000,70,2024-01-01 13:57:34.074453,maker
P-ETH-2320-020124,23.21000000,30,2024-01-01 13:58:00.514875,maker
C-ETH-2300-020124,22.00000000,100,2024-01-01 13:58:16.426316,taker
C-ETH-2300-020124,21.40000000,20,2024-01-01 13:59:06.088005,taker
C-ETH-2310-020124,15.40000000,30,2024-01-01 14:00:28.446678,taker
C-ETH-2300-020124,20.00000000,12,2024-01-01 14:00:51.324370,maker
C-ETH-2360-020124,2.70000000,1,2024-01-01 14:00:52.904014,taker
C-ETH-2310-020124,13.00000000,105,2024-01-01 14:01:17.730067,taker
C-ETH-2350-020124,3.30000000,1,2024-01-01 14:01:38.693927,taker
C-ETH-2280-020124,30.10000000,16,2024-01-01 14:01:45.474868,maker
C-ETH-2300-020124,17.80000000,10,2024-01-01 14:01:51.287765,taker
C-ETH-2300-020124,17.90000000,10,2024-01-01 14:01:53.917126,taker
C-ETH-2400-020124,0.50000000,1000,2024-01-01 14:01:55.261540,taker
C-ETH-2280-020124,29.50000000,33,2024-01-01 14:02:12.168142,maker
C-ETH-2300-020124,16.20000000,49,2024-01-01 14:02:34.038835,maker
C-ETH-2450-120124,49.10000000,25,2024-01-01 14:02:44.618502,maker
C-ETH-2300-020124,17.40000000,100,2024-01-01 14:03:47.911078,taker
C-ETH-2300-020124,14.00000000,101,2024-01-01 14:05:12.544965,maker
P-ETH-2320-020124,31.30000000,72,2024-01-01 14:05:33.403684,taker
P-ETH-2290-020124,12.50000000,100,2024-01-01 14:07:30.538420,taker
P-ETH-2200-020124,0.40000000,100,2024-01-01 14:08:00.226749,taker
C-ETH-2300-020124,15.70000000,82,2024-01-01 14:08:32.649802,maker
C-ETH-2260-020124,43.60000000,52,2024-01-01 14:08:37.271034,maker
C-ETH-2300-020124,19.00000000,7,2024-01-01 14:17:34.772806,taker
C-ETH-2300-020124,19.20000000,82,2024-01-01 14:18:08.616286,taker
P-ETH-2280-030124,20.00000000,16,2024-01-01 14:24:17.753984,taker
C-ETH-2450-260124,102.40000000,3,2024-01-01 14:24:31.478498,maker
C-ETH-2500-050124,7.50000000,10,2024-01-01 14:25:05.249613,maker
C-ETH-2480-040124,3.60000000,5,2024-01-01 14:26:38.606422,maker
C-ETH-2400-030124,5.20000000,5,2024-01-01 14:27:04.757246,maker
C-ETH-2400-020124,0.20000000,5,2024-01-01 14:27:30.024033,maker
P-ETH-2160-040124,4.70000000,20,2024-01-01 14:27:47.378584,maker
P-ETH-2200-020124,0.40000000,690,2024-01-01 14:31:58.480738,taker
P-ETH-2200-020124,0.40000000,300,2024-01-01 14:33:05.015222,maker
C-ETH-2300-020124,19.20000000,54,2024-01-01 14:34:21.571817,maker
C-ETH-3000-230224,68.30000000,1,2024-01-01 14:35:32.471254,taker
C-ETH-2310-020124,15.80000000,36,2024-01-01 14:35:46.524948,taker
P-ETH-2290-020124,11.10000000,100,2024-01-01 14:37:42.692282,taker
P-ETH-3500-260124,1166.00000000,1,2024-01-01 14:38:29.855700,taker
C-ETH-3500-260124,5.50000000,1,2024-01-01 14:38:30.062372,maker
C-ETH-2300-020124,18.70000000,12,2024-01-01 14:38:33.317790,maker
P-ETH-2280-020124,7.50000000,280,2024-01-01 14:39:17.953940,taker
C-ETH-2350-020124,3.50000000,5,2024-01-01 14:40:03.370883,maker
C-ETH-2300-020124,18.40000000,12,2024-01-01 14:40:23.267268,taker
C-ETH-2300-020124,20.00000000,100,2024-01-01 14:42:15.581098,taker
P-ETH-2300-020124,15.00000000,20,2024-01-01 14:42:18.038025,taker
C-ETH-2300-020124,20.20000000,100,2024-01-01 14:42:26.135016,taker
C-ETH-2300-020124,20.30000000,100,2024-01-01 14:42:31.600872,taker
P-ETH-2300-020124,13.71000000,60,2024-01-01 14:42:41.182426,maker
C-ETH-2300-020124,20.20000000,13,2024-01-01 14:42:41.905051,taker
C-ETH-2000-120124,339.30000000,4,2024-01-01 14:43:12.427770,taker
C-ETH-1900-120124,433.30000000,4,2024-01-01 14:43:12.431804,taker
C-ETH-3500-260124,8.00000000,1,2024-01-01 14:43:12.437496,taker
C-ETH-1800-260124,556.70000000,4,2024-01-01 14:43:12.456131,taker
P-ETH-3500-260124,1127.00000000,1,2024-01-01 14:43:12.476187,maker
C-ETH-2200-050124,127.60000000,4,2024-01-01 14:43:12.498331,taker
C-ETH-2100-050124,219.10000000,4,2024-01-01 14:43:12.508027,taker
C-ETH-2300-020124,20.50000000,44,2024-01-01 14:43:20.540234,taker
C-ETH-2300-020124,20.30000000,74,2024-01-01 14:43:46.304906,taker
P-ETH-2260-020124,2.81000000,100,2024-01-01 14:44:26.069628,maker
C-ETH-2300-020124,20.20000000,20,2024-01-01 14:44:27.555301,maker
C-ETH-2300-020124,20.00000000,109,2024-01-01 14:45:03.014328,maker
C-ETH-2300-020124,20.00000000,23,2024-01-01 14:45:03.014380,maker
C-ETH-2300-020124,20.00000000,35,2024-01-01 14:45:03.014422,maker
P-ETH-2320-030124,36.10000000,100,2024-01-01 14:46:18.181483,taker
C-ETH-2340-020124,4.60000000,1,2024-01-01 14:46:35.164215,taker
C-ETH-2300-020124,20.40000000,100,2024-01-01 14:46:40.251663,taker
C-ETH-2350-020124,2.80000000,100,2024-01-01 14:46:59.336976,maker
C-ETH-2300-020124,18.90000000,10,2024-01-01 14:47:28.782466,maker
C-ETH-2340-020124,4.60000000,199,2024-01-01 14:47:48.046631,taker
C-ETH-2300-020124,18.20000000,20,2024-01-01 14:47:51.359319,maker
C-ETH-2300-020124,18.20000000,106,2024-01-01 14:48:06.133979,maker
P-ETH-2300-020124,16.30000000,60,2024-01-01 14:48:25.601264,maker
C-ETH-2300-020124,18.60000000,20,2024-01-01 14:48:28.640794,maker
C-ETH-2300-020124,18.00000000,13,2024-01-01 14:49:25.483036,maker
C-ETH-2300-020124,18.00000000,37,2024-01-01 14:49:31.444879,maker
C-ETH-2300-020124,18.00000000,32,2024-01-01 14:49:31.444941,maker
P-ETH-2300-020124,16.00000000,40,2024-01-01 14:49:48.247961,taker
C-ETH-2300-050124,52.90000000,25,2024-01-01 14:49:49.744400,maker
C-ETH-2400-020124,0.60000000,770,2024-01-01 14:50:15.891249,taker
C-ETH-2290-020124,24.50000000,100,2024-01-01 14:50:17.644022,taker
P-ETH-2300-050124,45.81000000,25,2024-01-01 14:50:19.898719,maker
C-ETH-2300-020124,19.50000000,100,2024-01-01 14:51:02.808015,taker
P-ETH-2320-040124,46.91000000,100,2024-01-01 14:51:59.151364,maker
C-ETH-2300-020124,18.50000000,12,2024-01-01 14:52:54.625325,maker
P-ETH-2300-020124,14.71000000,29,2024-01-01 14:53:20.649729,maker
P-ETH-2300-020124,16.00000000,10,2024-01-01 14:53:48.122116,taker
P-ETH-2320-040124,47.00000000,68,2024-01-01 14:54:10.726938,taker
P-ETH-2300-020124,15.01000000,71,2024-01-01 14:55:01.871951,maker
P-ETH-2300-030124,28.90000000,100,2024-01-01 14:55:22.667280,taker
P-ETH-2280-020124,8.80000000,500,2024-01-01 14:56:32.029271,taker
P-ETH-2240-020124,2.00000000,100,2024-01-01 14:57:16.048275,taker
C-ETH-2300-020124,18.70000000,12,2024-01-01 14:57:58.957301,taker
P-ETH-2280-020124,7.21000000,500,2024-01-01 14:58:31.642680,maker
P-ETH-2260-020124,4.20000000,500,2024-01-01 14:58:51.634145,taker
C-ETH-2300-020124,18.80000000,11,2024-01-01 14:59:09.401946,taker
C-ETH-2300-020124,19.10000000,7,2024-01-01 15:02:48.773174,taker
C-ETH-2300-020124,21.70000000,93,2024-01-01 15:02:48.774101,taker
C-ETH-2300-020124,19.00000000,100,2024-01-01 15:04:05.652679,taker
P-ETH-2300-030124,30.00000000,271,2024-01-01 15:05:45.773703,taker
C-ETH-2310-020124,12.20000000,100,2024-01-01 15:06:00.717929,maker
C-ETH-2300-020124,18.00000000,23,2024-01-01 15:06:31.709542,maker
C-ETH-2440-020124,0.20000000,27,2024-01-01 15:06:35.761203,taker
C-ETH-2300-020124,18.00000000,77,2024-01-01 15:06:47.819708,taker
C-ETH-2300-020124,19.70000000,60,2024-01-01 15:08:54.483095,taker
C-ETH-2300-020124,19.10000000,50,2024-01-01 15:09:20.671378,maker
C-ETH-2300-020124,19.10000000,200,2024-01-01 15:10:25.109934,maker
P-ETH-3500-260124,1167.80000000,30,2024-01-01 15:12:46.497905,taker
C-ETH-3500-260124,5.60000000,30,2024-01-01 15:12:46.748429,maker
P-ETH-2300-030124,27.61000000,271,2024-01-01 15:13:43.517671,maker
C-ETH-2400-050124,22.70000000,162,2024-01-01 15:14:33.840773,taker
P-ETH-2300-020124,16.40000000,100,2024-01-01 15:14:54.163065,taker
C-ETH-2330-020124,7.70000000,47,2024-01-01 15:18:45.225871,taker
C-ETH-3100-230224,46.80000000,1,2024-01-01 15:20:58.486075,taker
C-ETH-2310-020124,16.30000000,100,2024-01-01 15:21:18.300023,taker
C-ETH-2300-020124,22.20000000,125,2024-01-01 15:23:24.014365,taker
C-ETH-2300-020124,22.70000000,149,2024-01-01 15:24:02.988869,taker
C-ETH-2300-020124,21.80000000,12,2024-01-01 15:24:44.879433,maker
C-ETH-2290-020124,28.20000000,100,2024-01-01 15:25:01.262005,maker
C-ETH-2300-020124,22.30000000,32,2024-01-01 15:25:02.524540,maker
C-ETH-2340-020124,7.00000000,10,2024-01-01 15:25:18.105056,taker
P-ETH-2400-050124,109.00000000,54,2024-01-01 15:25:28.145628,taker
C-ETH-2300-020124,23.40000000,1.000000000000000000,2024-01-01 15:26:08.301755,maker
C-ETH-2300-020124,22.60000000,199.000000000000000000,2024-01-01 15:26:08.302010,maker
P-ETH-2280-020124,8.00000000,280,2024-01-01 15:28:16.792316,taker
P-ETH-2260-030124,12.30000000,100,2024-01-01 15:32:27.046857,maker
C-ETH-2300-020124,23.59000000,126,2024-01-01 15:32:27.095432,taker
P-ETH-2300-020124,13.00000000,100,2024-01-01 15:32:38.648790,taker
C-ETH-2300-020124,23.70000000,100,2024-01-01 15:32:38.657782,maker
C-ETH-2290-020124,31.70000000,276,2024-01-01 15:32:56.510116,maker
P-ETH-2200-020124,0.40000000,100,2024-01-01 15:32:56.628933,taker
P-ETH-2200-020124,0.40000000,900,2024-01-01 15:33:18.788988,taker
C-ETH-2200-020124,111.50000000,1,2024-01-01 15:33:33.899716,taker
C-ETH-2340-030124,17.30000000,200,2024-01-01 15:34:33.347085,maker
C-ETH-2340-030124,17.30000000,50,2024-01-01 15:34:48.717713,maker
C-ETH-2300-050124,59.10000000,10,2024-01-01 15:34:49.290147,taker
P-ETH-2300-120124,89.21000000,61,2024-01-01 15:36:04.228504,maker
C-ETH-2300-020124,21.90000000,100,2024-01-01 15:36:12.911892,maker
C-ETH-2290-020124,28.00000000,112,2024-01-01 15:36:16.391871,taker
C-ETH-2280-020124,35.00000000,15,2024-01-01 15:36:29.245550,maker
C-ETH-2300-020124,22.20000000,50,2024-01-01 15:36:38.018181,maker
C-ETH-2300-030124,36.10000000,100,2024-01-01 15:37:02.271945,maker
C-ETH-2300-020124,24.30000000,28,2024-01-01 15:37:31.286972,taker
C-ETH-2300-020124,23.50000000,250,2024-01-01 15:37:46.561405,maker
C-ETH-2300-020124,25.00000000,50,2024-01-01 15:37:51.084448,taker
C-ETH-2300-020124,25.20000000,150,2024-01-01 15:37:51.084526,taker
P-ETH-2280-020124,6.52000000,6,2024-01-01 15:38:07.673518,maker
P-ETH-2300-030124,24.70000000,100,2024-01-01 15:38:12.087759,taker
C-ETH-2300-020124,24.50000000,100,2024-01-01 15:38:18.857333,maker
C-ETH-2310-020124,18.60000000,30,2024-01-01 15:38:27.964807,maker
P-ETH-2310-020124,17.80000000,200,2024-01-01 15:39:36.712847,taker
C-ETH-2300-020124,23.80000000,20,2024-01-01 15:40:26.645754,maker
C-ETH-2300-020124,25.00000000,100,2024-01-01 15:40:48.431322,maker
C-ETH-2310-020124,18.90000000,3,2024-01-01 15:41:13.386270,taker
C-ETH-2310-020124,20.40000000,20,2024-01-01 15:41:40.741795,taker
C-ETH-2290-020124,32.30000000,112,2024-01-01 15:41:45.499448,taker
C-ETH-2220-020124,96.30000000,43,2024-01-01 15:42:50.180281,taker
C-ETH-2850-120124,8.10000000,70,2024-01-01 15:43:05.231827,taker
P-ETH-2280-030124,16.90000000,19,2024-01-01 15:43:11.047969,taker
C-ETH-2300-040124,51.80000000,700,2024-01-01 15:43:19.357164,taker
C-ETH-2350-050124,41.40000000,163,2024-01-01 15:43:19.688740,taker
C-ETH-2320-020124,16.40000000,300,2024-01-01 15:43:48.765967,taker
C-ETH-2300-020124,27.40000000,57,2024-01-01 15:44:01.980719,taker
C-ETH-2300-020124,26.20000000,85,2024-01-01 15:44:15.755228,maker
C-ETH-2320-020124,15.30000000,50,2024-01-01 15:44:19.139613,maker
P-ETH-2300-030124,23.00000000,30,2024-01-01 15:44:30.198703,taker
C-ETH-2310-020124,22.60000000,3,2024-01-01 15:44:30.477556,taker
C-ETH-2300-020124,27.20000000,109,2024-01-01 15:44:31.822768,maker
C-ETH-2200-020124,116.60000000,1,2024-01-01 15:44:41.692646,maker
C-ETH-2300-020124,28.00000000,12,2024-01-01 15:44:54.592997,taker
P-ETH-2260-020124,2.19000000,100,2024-01-01 15:45:06.870548,maker
P-ETH-2280-020124,4.40000000,100,2024-01-01 15:45:06.872997,maker
C-ETH-2300-020124,27.20000000,57,2024-01-01 15:45:21.191020,maker
C-ETH-2300-050124,66.00000000,10,2024-01-01 15:45:35.168640,taker
C-ETH-2300-020124,27.50000000,30,2024-01-01 15:45:46.209458,maker
C-ETH-2350-020124,6.65000000,1,2024-01-01 15:45:48.433502,taker
C-ETH-2300-020124,29.60000000,57,2024-01-01 15:45:52.073927,taker
C-ETH-2220-030124,105.50000000,10,2024-01-01 15:45:59.186645,taker
C-ETH-2340-020124,8.50000000,15,2024-01-01 15:46:13.675542,taker
C-ETH-2340-020124,9.57000000,1,2024-01-01 15:46:18.223032,taker
P-ETH-2300-020124,11.40000000,18,2024-01-01 15:46:41.228616,taker
P-ETH-2310-020124,13.90000000,11,2024-01-01 15:46:41.735935,maker
P-ETH-2320-020124,20.00000000,30,2024-01-01 15:46:55.137589,taker
C-ETH-2300-020124,28.80000000,190,2024-01-01 15:47:01.329386,taker
P-ETH-2320-020124,18.10000000,45,2024-01-01 15:47:08.614787,maker
C-ETH-2300-020124,27.30000000,100,2024-01-01 15:48:12.817135,maker
C-ETH-2300-020124,27.30000000,200,2024-01-01 15:48:32.286039,maker
C-ETH-2290-020124,32.50000000,276,2024-01-01 15:49:09.545084,taker
P-ETH-2330-020124,25.30000000,43,2024-01-01 15:50:15.882405,maker
C-ETH-2300-020124,26.00000000,190,2024-01-01 15:52:18.334029,taker
P-ETH-2300-030124,24.60000000,150,2024-01-01 15:53:55.277702,taker
P-ETH-2320-020124,21.20000000,30,2024-01-01 15:55:32.361921,taker
C-ETH-2500-120124,43.00000000,20,2024-01-01 15:55:40.012153,maker
P-ETH-2330-020124,25.00000000,22,2024-01-01 15:56:09.408690,maker
P-ETH-2200-020124,0.40000000,1000,2024-01-01 15:56:20.501594,taker
C-ETH-2310-020124,22.70000000,100,2024-01-01 15:56:30.719119,taker
C-ETH-2300-020124,26.00000000,100,2024-01-01 15:58:11.922448,maker
C-ETH-2300-020124,25.80000000,100,2024-01-01 16:01:19.758926,taker
C-ETH-2300-020124,26.60000000,13,2024-01-01 16:01:39.529454,maker
C-ETH-2450-050124,14.60000000,4,2024-01-01 16:03:09.020397,maker
C-ETH-2300-020124,25.20000000,23,2024-01-01 16:03:36.486595,maker
C-ETH-3050-120124,2.50000000,583,2024-01-01 16:04:37.922252,maker
C-ETH-2300-020124,25.30000000,74,2024-01-01 16:05:37.643406,maker
P-ETH-2300-020124,10.80000000,2,2024-01-01 16:06:15.122178,maker
C-ETH-2300-020124,26.80000000,35,2024-01-01 16:06:58.540557,maker
C-ETH-2300-020124,28.24000000,50,2024-01-01 16:11:47.821496,taker
C-ETH-2300-020124,27.60000000,100,2024-01-01 16:12:16.289846,maker
C-ETH-2300-020124,27.10000000,1047,2024-01-01 16:12:37.985866,maker
C-ETH-2360-020124,4.70000000,704,2024-01-01 16:13:28.386112,taker
C-ETH-2340-030124,20.60000000,64,2024-01-01 16:13:44.876844,maker
C-ETH-2300-020124,28.00000000,67,2024-01-01 16:15:13.767035,taker
C-ETH-2400-020124,1.10000000,2,2024-01-01 16:16:47.813375,taker
C-ETH-2300-020124,29.40000000,60,2024-01-01 16:16:58.405170,maker
C-ETH-2340-020124,10.90000000,200,2024-01-01 16:16:58.794270,taker
C-ETH-2320-020124,18.10000000,95,2024-01-01 16:17:27.545009,maker
P-ETH-2310-020124,13.30000000,200,2024-01-01 16:17:36.991525,maker
C-ETH-2340-040124,32.30000000,86,2024-01-01 16:18:43.174173,maker
C-ETH-2340-030124,21.90000000,50,2024-01-01 16:18:48.152687,taker
C-ETH-2330-020124,13.20000000,300,2024-01-01 16:19:30.366738,taker
P-ETH-2300-020124,11.00000000,500,2024-01-01 16:19:56.674475,maker
P-ETH-2310-020124,15.00000000,69,2024-01-01 16:20:04.283459,maker
C-ETH-2350-050124,39.20000000,11,2024-01-01 16:20:12.332649,taker
C-ETH-2320-020124,16.00000000,17,2024-01-01 16:20:26.659070,maker
P-ETH-2290-020124,7.90000000,500,2024-01-01 16:20:32.599058,maker
C-ETH-2300-020124,24.00000000,50,2024-01-01 16:22:03.759858,maker
P-ETH-2300-020124,13.70000000,200,2024-01-01 16:22:14.595709,maker
P-ETH-2300-040124,33.60000000,28,2024-01-01 16:22:24.113987,maker
P-ETH-2320-020124,22.50000000,71,2024-01-01 16:22:31.844721,maker
P-ETH-2310-020124,18.70000000,69,2024-01-01 16:22:52.386914,taker
C-ETH-2340-020124,6.60000000,100,2024-01-01 16:22:57.647630,maker
P-ETH-2320-020124,22.60000000,60,2024-01-01 16:25:08.752898,maker
C-ETH-2220-030124,94.00000000,10,2024-01-01 16:26:27.671127,maker
C-ETH-2300-020124,24.30000000,100,2024-01-01 16:27:03.950547,taker
C-ETH-2320-020124,13.67000000,46,2024-01-01 16:28:09.253347,maker
C-ETH-2320-020124,13.00000000,50,2024-01-01 16:28:11.404686,taker
C-ETH-2320-020124,13.00000000,204,2024-01-01 16:28:18.016999,taker
C-ETH-2330-020124,10.00000000,300,2024-01-01 16:28:48.013571,taker
P-ETH-2200-020124,0.40000000,1000,2024-01-01 16:29:02.644658,taker
C-ETH-2300-120124,116.80000000,1,2024-01-01 16:29:04.046870,maker
P-ETH-2310-020124,17.30000000,2,2024-01-01 16:29:20.881919,taker
C-ETH-2300-020124,26.10000000,13,2024-01-01 16:32:47.499749,taker
P-ETH-2340-020124,34.70000000,10,2024-01-01 16:33:48.721524,maker
P-ETH-2290-020124,7.90000000,10,2024-01-01 16:33:48.872177,maker
C-ETH-2320-020124,15.10000000,200,2024-01-01 16:34:14.141445,taker
C-ETH-2360-020124,3.20000000,34,2024-01-01 16:37:49.900619,maker
C-ETH-2280-020124,41.00000000,65,2024-01-01 16:39:05.140764,maker
P-ETH-2200-120124,48.80000000,50,2024-01-01 16:39:15.182732,maker
P-ETH-2320-020124,20.80000000,100,2024-01-01 16:41:07.726501,maker
P-ETH-2200-120124,49.00000000,201,2024-01-01 16:42:32.165824,maker
P-ETH-2200-120124,49.00000000,50,2024-01-01 16:43:47.594924,taker
P-ETH-2200-120124,49.00000000,50,2024-01-01 16:45:51.779632,taker
C-ETH-2300-020124,22.70000000,11,2024-01-01 16:46:52.093778,maker
C-ETH-2360-020124,2.90000000,100,2024-01-01 16:46:55.207557,taker
C-ETH-2310-020124,17.60000000,1,2024-01-01 16:46:58.747747,maker
P-ETH-1700-260124,10.00000000,586,2024-01-01 16:48:26.828626,taker
P-ETH-1700-260124,10.00000000,214,2024-01-01 16:48:26.905925,maker
C-ETH-2700-260124,55.90000000,650,2024-01-01 16:48:38.395510,taker
C-ETH-2700-260124,55.91000000,150,2024-01-01 16:48:38.396229,taker
P-ETH-2000-230224,69.30000000,800,2024-01-01 16:50:17.590247,maker
C-ETH-2900-230224,71.90000000,800,2024-01-01 16:50:52.077226,maker
P-ETH-2320-020124,21.40000000,10,2024-01-01 16:51:21.148498,taker
P-ETH-2280-020124,5.11000000,30,2024-01-01 16:53:32.733518,maker
C-ETH-2300-040124,49.50000000,300,2024-01-01 16:54:55.131947,taker
C-ETH-2300-040124,49.60000000,300,2024-01-01 16:55:26.975166,taker
P-ETH-2300-020124,11.21000000,87,2024-01-01 16:55:42.782228,maker
P-ETH-2200-020124,0.40000000,1000,2024-01-01 16:56:26.810122,taker
P-ETH-2300-020124,13.00000000,87,2024-01-01 16:57:54.095231,taker
C-ETH-2400-020124,0.90000000,400,2024-01-01 17:01:15.078239,taker
C-ETH-2420-020124,0.40000000,1000,2024-01-01 17:02:01.809936,taker
P-ETH-2330-020124,31.05000000,43,2024-01-01 17:02:29.387323,maker
C-ETH-2320-020124,13.00000000,17,2024-01-01 17:02:48.042859,taker
C-ETH-2320-020124,12.80000000,15,2024-01-01 17:04:16.550353,maker
P-ETH-2340-020124,34.20000000,64,2024-01-01 17:04:39.664070,maker
C-ETH-2360-020124,2.80000000,239,2024-01-01 17:05:14.281880,maker
P-ETH-2200-020124,0.01000000,252,2024-01-01 17:05:32.588098,maker
P-ETH-2200-020124,0.39000000,200,2024-01-01 17:07:42.343705,taker
C-ETH-2320-020124,16.00000000,50,2024-01-01 17:12:18.207355,taker
P-ETH-2240-030124,5.60000000,1,2024-01-01 17:13:12.410695,maker
C-ETH-2310-020124,22.30000000,1,2024-01-01 17:13:19.148204,taker
P-ETH-2200-050124,13.40000000,43,2024-01-01 17:13:30.860904,maker
C-ETH-2310-020124,22.40000000,220,2024-01-01 17:14:41.892853,maker
C-ETH-2340-020124,9.00000000,2,2024-01-01 17:16:25.870761,maker
P-ETH-2320-040124,40.51000000,15,2024-01-01 17:16:26.343512,maker
C-ETH-2300-020124,25.90000000,1000,2024-01-01 17:18:27.927894,maker
P-ETH-2320-040124,42.20000000,15,2024-01-01 17:22:42.150829,taker
C-ETH-3500-260124,8.60000000,30,2024-01-01 17:25:02.494712,taker
P-ETH-3500-260124,1117.50000000,30,2024-01-01 17:25:02.498059,maker
P-ETH-2290-020124,7.10000000,200,2024-01-01 17:25:09.192032,maker
P-ETH-2340-040124,52.40000000,19,2024-01-01 17:25:20.511205,taker
P-ETH-2300-040124,30.80000000,14,2024-01-01 17:28:56.166762,maker
C-ETH-2400-020124,1.20000000,100,2024-01-01 17:29:34.988177,maker
C-ETH-2320-020124,15.20000000,10,2024-01-01 17:29:56.776663,maker
P-ETH-2260-020124,2.29000000,120,2024-01-01 17:30:29.384466,maker
P-ETH-2300-040124,31.30000000,28,2024-01-01 17:31:02.642080,taker
P-ETH-2220-040124,9.50000000,50,2024-01-01 17:32:12.233151,maker
P-ETH-2240-030124,6.00000000,4,2024-01-01 17:32:17.257049,taker
C-ETH-2310-020124,20.70000000,43,2024-01-01 17:32:58.686512,taker
C-ETH-2330-020124,10.60000000,47,2024-01-01 17:35:17.877047,maker
C-ETH-2310-020124,20.20000000,108,2024-01-01 17:38:17.756082,taker
C-ETH-2310-020124,19.80000000,21,2024-01-01 17:39:45.939359,taker
C-ETH-2310-020124,17.80000000,71,2024-01-01 17:44:18.048643,taker
C-ETH-2310-020124,19.50000000,171,2024-01-01 17:48:10.681141,maker
C-ETH-2310-020124,19.50000000,9,2024-01-01 17:48:10.681206,maker
P-ETH-2310-020124,15.90000000,2,2024-01-01 17:50:47.307241,taker
P-ETH-2290-020124,7.10000000,200,2024-01-01 17:55:48.495922,taker
C-ETH-2300-020124,25.00000000,9,2024-01-01 17:59:42.570914,maker
P-ETH-2200-020124,0.30000000,700,2024-01-01 18:00:58.869038,taker
C-ETH-2300-020124,27.00000000,225,2024-01-01 18:02:18.372327,taker
P-ETH-2200-020124,0.30000000,300,2024-01-01 18:02:50.685793,taker
P-ETH-2200-020124,0.30000000,79,2024-01-01 18:02:52.311847,maker
C-ETH-2310-020124,21.10000000,180,2024-01-01 18:03:29.718775,maker
C-ETH-2440-020124,0.30000000,1000,2024-01-01 18:03:57.283259,taker
C-ETH-2300-020124,28.70000000,100,2024-01-01 18:05:44.717111,taker
P-ETH-2300-030124,19.21000000,30,2024-01-01 18:06:19.387295,maker
C-ETH-2310-020124,22.10000000,172,2024-01-01 18:06:31.924904,maker
C-ETH-2440-020124,0.30000000,79,2024-01-01 18:07:20.631964,taker
P-ETH-2300-020124,8.30000000,200,2024-01-01 18:07:25.538440,maker
P-ETH-2270-020124,3.00000000,150,2024-01-01 18:07:29.420896,maker
C-ETH-2320-020124,18.00000000,2,2024-01-01 18:07:33.545334,taker
C-ETH-2310-020124,24.00000000,71,2024-01-01 18:07:39.675197,taker
C-ETH-2300-020124,31.10000000,15,2024-01-01 18:07:45.439171,taker
P-ETH-2250-020124,1.30000000,1000,2024-01-01 18:07:46.205567,taker
C-ETH-2320-020124,18.00000000,98,2024-01-01 18:07:48.280562,taker
P-ETH-2340-020124,27.00000000,122,2024-01-01 18:07:54.912640,taker
P-ETH-2200-020124,0.30000000,1240,2024-01-01 18:08:06.292825,taker
P-ETH-2200-020124,0.30000000,600,2024-01-01 18:08:07.500397,taker
C-ETH-2280-020124,48.00000000,15,2024-01-01 18:08:07.651780,taker
P-ETH-2200-020124,0.30000000,100,2024-01-01 18:08:08.200990,maker
C-ETH-2700-120124,15.00000000,100,2024-01-01 18:08:08.219360,taker
P-ETH-2320-030124,27.00000000,100,2024-01-01 18:08:08.273223,maker
P-ETH-2320-020124,14.00000000,10,2024-01-01 18:08:09.077922,taker
P-ETH-2250-020124,1.20000000,800,2024-01-01 18:08:09.335707,maker
P-ETH-2250-020124,1.20000000,276,2024-01-01 18:08:11.444555,maker
P-ETH-2330-020124,19.50000000,117,2024-01-01 18:08:12.308199,maker
P-ETH-2250-020124,1.20000000,900,2024-01-01 18:08:15.357352,taker
P-ETH-2250-020124,1.20000000,800,2024-01-01 18:08:16.280577,taker
C-ETH-2360-020124,5.44000000,1,2024-01-01 18:08:45.930253,taker
C-ETH-2360-020124,5.70000000,33,2024-01-01 18:08:45.930318,taker
C-ETH-2360-020124,5.70000000,671,2024-01-01 18:08:48.199627,taker
P-ETH-2290-020124,5.00000000,100,2024-01-01 18:08:57.818252,maker
P-ETH-2260-020124,1.70000000,100,2024-01-01 18:09:05.990171,taker
C-ETH-2440-020124,0.40000000,1714,2024-01-01 18:09:36.496504,taker
C-ETH-2440-020124,0.40000000,286,2024-01-01 18:09:37.370154,taker
P-ETH-2290-020124,4.40000000,100,2024-01-01 18:09:56.648637,maker
C-ETH-2300-050124,67.10000000,30,2024-01-01 18:10:18.010458,taker
C-ETH-2350-020124,7.20000000,20,2024-01-01 18:10:53.336803,maker
C-ETH-2300-020124,34.20000000,9,2024-01-01 18:10:59.000527,taker
P-ETH-2290-020124,5.10000000,200,2024-01-01 18:11:10.769786,taker
P-ETH-2310-020124,9.20000000,100,2024-01-01 18:11:51.369354,maker
C-ETH-2330-020124,14.10000000,612,2024-01-01 18:12:06.901621,taker
P-ETH-2300-040124,27.00000000,7,2024-01-01 18:12:36.804163,taker
C-ETH-2300-030124,49.00000000,100,2024-01-01 18:13:21.688836,taker
C-ETH-2360-020124,6.80000000,100,2024-01-01 18:13:31.601778,taker
C-ETH-2360-020124,6.80000000,239,2024-01-01 18:13:31.618896,taker
P-ETH-2330-020124,17.50000000,117,2024-01-01 18:13:32.413674,taker
P-ETH-2300-030124,15.80000000,350,2024-01-01 18:13:35.132777,maker
P-ETH-2260-020124,1.30000000,197,2024-01-01 18:13:53.234753,maker
C-ETH-2300-020124,36.00000000,100,2024-01-01 18:13:55.172555,taker
C-ETH-2380-020124,3.04000000,1,2024-01-01 18:14:18.282107,taker
C-ETH-2320-020124,22.70000000,15,2024-01-01 18:14:31.666559,taker
P-ETH-2330-020124,15.50000000,210,2024-01-01 18:15:21.223683,maker
C-ETH-2340-040124,39.50000000,86,2024-01-01 18:15:47.267507,taker
P-ETH-2320-020124,12.00000000,48,2024-01-01 18:15:56.192246,taker
C-ETH-2340-020124,13.00000000,100,2024-01-01 18:16:35.601221,maker
C-ETH-2330-020124,17.40000000,2,2024-01-01 18:16:37.106905,taker
C-ETH-2360-040124,29.90000000,23,2024-01-01 18:16:43.711834,taker
P-ETH-2340-020124,24.60000000,122,2024-01-01 18:17:18.012807,taker
C-ETH-2330-020124,15.30000000,123,2024-01-01 18:17:20.913094,taker
C-ETH-2400-020124,1.60000000,1071,2024-01-01 18:17:33.022409,taker
C-ETH-2400-020124,1.61000000,1,2024-01-01 18:17:33.023356,taker
C-ETH-2400-020124,1.82000000,1,2024-01-01 18:17:33.023379,taker
C-ETH-2400-020124,2.11000000,1715,2024-01-01 18:17:33.023398,taker
C-ETH-2400-020124,2.79000000,12,2024-01-01 18:17:33.024266,taker
P-ETH-2200-020124,0.01000000,52,2024-01-01 18:18:45.569728,maker
C-ETH-2320-020124,20.20000000,2,2024-01-01 18:19:30.422931,maker
C-ETH-2300-020124,33.60000000,2,2024-01-01 18:19:41.007369,maker
P-ETH-1800-050124,0.01000000,9539,2024-01-01 18:19:42.989664,maker
P-ETH-1800-050124,0.01000000,5461,2024-01-01 18:19:42.990435,maker
C-ETH-2350-020124,8.96000000,493,2024-01-01 18:20:11.427793,maker
C-ETH-2420-020124,0.80000000,1068,2024-01-01 18:20:13.214472,taker
C-ETH-2420-020124,1.02000000,1710,2024-01-01 18:20:13.215270,taker
C-ETH-2420-020124,1.03000000,722,2024-01-01 18:20:13.567208,maker
C-ETH-2330-020124,14.60000000,2,2024-01-01 18:20:16.146587,maker
C-ETH-2350-020124,9.00000000,50,2024-01-01 18:20:17.750474,taker
C-ETH-2320-020124,20.00000000,1008,2024-01-01 18:20:24.770030,maker
P-ETH-2350-050124,58.61000000,127,2024-01-01 18:21:03.938147,maker
C-ETH-2380-020124,3.43000000,1,2024-01-01 18:21:48.182699,taker
C-ETH-2360-020124,7.50000000,50,2024-01-01 18:22:11.906609,taker
C-ETH-2350-020124,9.10000000,20,2024-01-01 18:23:09.840179,maker
P-ETH-2330-020124,16.80000000,100,2024-01-01 18:24:28.360710,taker
P-ETH-2200-020124,0.20000000,1000,2024-01-01 18:27:00.360479,taker
P-ETH-2340-020124,23.10000000,64,2024-01-01 18:27:19.058382,taker
P-ETH-2300-040124,27.20000000,7,2024-01-01 18:27:38.371324,taker
C-ETH-2420-020124,1.20000000,400,2024-01-01 18:29:45.502538,taker
P-ETH-2310-020124,8.00000000,18,2024-01-01 18:30:21.732733,maker
P-ETH-2310-020124,8.00000000,592,2024-01-01 18:30:21.732797,maker
C-ETH-2440-020124,0.40000000,225,2024-01-01 18:32:03.055262,taker
C-ETH-2440-020124,0.40000000,840,2024-01-01 18:32:03.485757,taker
C-ETH-2340-020124,12.20000000,100,2024-01-01 18:33:07.549884,taker
C-ETH-2460-020124,0.20000000,1068,2024-01-01 18:33:08.624337,maker
C-ETH-2460-020124,0.20000000,1068,2024-01-01 18:33:09.319698,maker
C-ETH-2460-020124,0.20000000,1068,2024-01-01 18:33:09.648546,maker
P-ETH-2300-020124,7.50000000,10,2024-01-01 18:34:47.771852,taker
C-ETH-2300-020124,31.80000000,10,2024-01-01 18:34:58.467087,maker
P-ETH-2310-020124,10.20000000,11,2024-01-01 18:37:02.258137,taker
C-ETH-2340-030124,24.60000000,25,2024-01-01 18:37:06.232032,maker
P-ETH-2200-050124,12.11000000,3,2024-01-01 18:39:51.878102,maker
P-ETH-2350-050124,62.70000000,127,2024-01-01 18:39:51.977172,taker
C-ETH-2330-020124,16.20000000,1141,2024-01-01 18:41:52.029992,taker
C-ETH-2330-020124,16.20000000,859,2024-01-01 18:41:52.117616,maker
P-ETH-2340-040124,44.61000000,19,2024-01-01 18:42:34.705338,maker
C-ETH-2300-020124,35.90000000,1,2024-01-01 18:43:01.830607,taker
P-ETH-2360-020124,36.50000000,24,2024-01-01 18:43:52.908404,maker
C-ETH-2440-020124,0.50000000,951,2024-01-01 18:46:40.095856,taker
C-ETH-2440-020124,0.50000000,727,2024-01-01 18:47:01.232035,taker
P-ETH-2330-020124,17.20000000,117,2024-01-01 18:48:33.181268,maker
C-ETH-2320-020124,22.00000000,10,2024-01-01 18:48:58.242052,taker
P-ETH-2310-020124,9.60000000,22,2024-01-01 18:49:49.721270,taker
C-ETH-2400-020124,1.10000000,2000,2024-01-01 18:50:55.182052,maker
P-ETH-2320-020124,12.60000000,100,2024-01-01 18:51:35.587398,taker
P-ETH-2360-020124,35.00000000,19,2024-01-01 18:51:48.349943,taker
P-ETH-2320-020124,12.50000000,128,2024-01-01 18:51:49.178220,taker
P-ETH-2330-020124,17.70000000,117,2024-01-01 18:52:00.901644,taker
P-ETH-2250-020124,0.90000000,1054,2024-01-01 18:52:27.177417,taker
C-ETH-2320-020124,22.00000000,29,2024-01-01 18:52:50.257281,maker
P-ETH-2330-020124,19.00000000,210,2024-01-01 18:56:37.707080,taker
P-ETH-2360-020124,35.80000000,14,2024-01-01 18:58:54.409457,maker
C-ETH-2440-020124,0.40000000,1000,2024-01-01 19:00:08.101422,taker
C-ETH-2440-020124,0.50000000,55,2024-01-01 19:00:42.110927,taker
C-ETH-2440-020124,0.50000000,1247,2024-01-01 19:00:43.125828,taker
C-ETH-2440-020124,0.50000000,441,2024-01-01 19:00:43.970915,taker
P-ETH-2340-020124,21.60000000,10,2024-01-01 19:01:23.141853,maker
P-ETH-2200-020124,0.20000000,640,2024-01-01 19:02:00.799930,taker
C-ETH-2300-050124,69.90000000,22,2024-01-01 19:02:28.571558,maker
P-ETH-2200-020124,0.20000000,400,2024-01-01 19:02:38.240085,taker
P-ETH-2200-020124,0.20000000,15,2024-01-01 19:02:42.025596,taker
P-ETH-2200-020124,0.30000000,385,2024-01-01 19:02:42.026481,taker
P-ETH-2200-020124,0.30000000,400,2024-01-01 19:02:44.898683,taker
P-ETH-2200-020124,0.30000000,900,2024-01-01 19:03:20.487084,taker
P-ETH-2290-020124,3.80000000,50,2024-01-01 19:04:36.218776,maker
P-ETH-2310-020124,8.70000000,18,2024-01-01 19:04:55.517600,maker
P-ETH-2310-020124,8.80000000,85,2024-01-01 19:05:59.647405,maker
P-ETH-2250-020124,0.90000000,100,2024-01-01 19:07:58.000251,taker
C-ETH-2460-020124,0.20000000,1053,2024-01-01 19:11:05.638304,maker
P-ETH-2290-020124,4.00000000,100,2024-01-01 19:12:14.638966,maker
C-ETH-2460-020124,0.20000000,3,2024-01-01 19:12:29.793925,maker
C-ETH-2460-020124,0.20000000,3,2024-01-01 19:12:30.109487,maker
P-ETH-2330-020124,17.80000000,3,2024-01-01 19:14:13.922527,maker
P-ETH-2300-020124,7.00000000,16,2024-01-01 19:15:10.839852,taker
P-ETH-2360-020124,41.10000000,57,2024-01-01 19:15:57.451622,taker
C-ETH-2440-020124,0.40000000,11,2024-01-01 19:18:09.104171,taker
C-ETH-2350-020124,7.40000000,50,2024-01-01 19:19:30.738482,taker
C-ETH-2330-020124,14.00000000,10,2024-01-01 19:19:30.754057,maker
C-ETH-2330-020124,12.90000000,40,2024-01-01 19:19:30.754100,maker
C-ETH-2300-020124,34.80000000,14,2024-01-01 19:26:50.924798,taker
P-ETH-2320-020124,12.41000000,128,2024-01-01 19:27:04.489730,maker
C-ETH-2330-020124,16.60000000,10,2024-01-01 19:29:43.040200,maker
C-ETH-2320-020124,22.90000000,10,2024-01-01 19:30:53.785224,taker
C-ETH-2320-020124,22.40000000,281,2024-01-01 19:31:29.872826,taker
C-ETH-2340-030124,29.40000000,50,2024-01-01 19:32:57.803000,taker
C-ETH-2330-020124,16.90000000,162,2024-01-01 19:35:07.563860,maker
C-ETH-2440-020124,0.50000000,200,2024-01-01 19:35:13.994517,taker
P-ETH-2320-020124,10.01000000,13,2024-01-01 19:35:38.149462,maker
C-ETH-2440-020124,0.50000000,849,2024-01-01 19:37:01.090691,taker
C-ETH-2310-020124,28.80000000,58,2024-01-01 19:37:04.217091,maker
C-ETH-2340-020124,13.00000000,1,2024-01-01 19:37:18.866489,taker
C-ETH-2350-020124,9.80000000,151,2024-01-01 19:37:40.522358,taker
P-ETH-2300-020124,5.01000000,34,2024-01-01 19:38:32.375125,maker
C-ETH-2330-020124,19.60000000,162,2024-01-01 19:40:14.321129,taker
C-ETH-2320-030124,39.10000000,75,2024-01-01 19:41:12.256563,taker
C-ETH-2400-020124,1.40000000,11,2024-01-01 19:41:35.265582,maker
P-ETH-2330-020124,15.60000000,200,2024-01-01 19:42:03.872952,taker
P-ETH-2330-020124,14.20000000,200,2024-01-01 19:42:17.684731,maker
C-ETH-2310-020124,29.90000000,100,2024-01-01 19:42:40.302685,maker
C-ETH-2320-020124,24.10000000,281,2024-01-01 19:43:28.059257,maker
C-ETH-2320-030124,38.10000000,75,2024-01-01 19:43:55.988469,maker
C-ETH-2460-020124,0.30000000,1000,2024-01-01 19:44:38.451084,taker
P-ETH-2240-020124,0.50000000,733,2024-01-01 19:44:58.122721,taker
P-ETH-2300-020124,5.00000000,20,2024-01-01 19:45:26.974315,maker
C-ETH-2360-020124,7.00000000,1,2024-01-01 19:45:58.737485,maker
P-ETH-2240-020124,0.50000000,400,2024-01-01 19:46:00.086646,taker
P-ETH-2320-020124,10.00000000,100,2024-01-01 19:47:03.154167,maker
C-ETH-2320-020124,27.80000000,50,2024-01-01 19:47:27.583634,taker
C-ETH-2400-050124,31.90000000,2,2024-01-01 19:47:27.798733,taker
C-ETH-2330-020124,22.00000000,1682,2024-01-01 19:48:14.430509,taker
C-ETH-2330-020124,22.00000000,318,2024-01-01 19:48:18.563055,taker
P-ETH-2290-020124,2.80000000,500,2024-01-01 19:48:34.426173,taker
P-ETH-2300-020124,4.20000000,500,2024-01-01 19:48:34.430948,taker
P-ETH-2310-020124,6.20000000,610,2024-01-01 19:48:34.434102,taker
C-ETH-2340-020124,18.30000000,1,2024-01-01 19:48:48.184011,taker
C-ETH-2340-030124,33.00000000,64,2024-01-01 19:48:50.063948,taker
C-ETH-2320-020124,30.70000000,100,2024-01-01 19:48:50.116467,taker
C-ETH-2350-050124,49.80000000,11,2024-01-01 19:50:02.024652,maker
P-ETH-2300-020124,3.61000000,127,2024-01-01 19:50:09.161900,maker
P-ETH-2250-020124,0.60000000,1000,2024-01-01 19:50:37.107224,taker
C-ETH-2340-020124,18.50000000,22,2024-01-01 19:53:48.301198,taker
C-ETH-2320-020124,31.40000000,100,2024-01-01 19:53:55.030608,taker
P-ETH-2200-020124,0.20000000,1000,2024-01-01 19:54:42.659476,taker
P-ETH-2220-020124,0.30000000,1000,2024-01-01 19:54:43.823186,taker
P-ETH-2220-020124,0.30000000,1000,2024-01-01 19:55:42.411786,taker
P-ETH-2200-020124,0.20000000,100,2024-01-01 19:56:21.902879,taker
P-ETH-2200-020124,0.20000000,100,2024-01-01 19:56:22.806733,taker
P-ETH-2200-020124,0.20000000,100,2024-01-01 19:56:23.615718,taker
P-ETH-2340-020124,17.51000000,8,2024-01-01 19:59:24.436759,maker
C-ETH-2360-040124,34.50000000,23,2024-01-01 20:00:34.924890,maker
C-ETH-2340-030124,34.50000000,50,2024-01-01 20:00:49.949714,taker
C-ETH-2320-020124,32.70000000,1008,2024-01-01 20:00:50.010783,taker
C-ETH-2900-050124,1.00000000,200,2024-01-01 20:02:14.380674,taker
P-ETH-2290-020124,2.80000000,100,2024-01-01 20:02:15.451258,taker
P-ETH-2330-020124,11.40000000,25,2024-01-01 20:02:42.315843,maker
C-ETH-2350-020124,12.90000000,100,2024-01-01 20:02:51.194627,maker
C-ETH-2360-020124,9.40000000,50,2024-01-01 20:02:51.199045,maker
C-ETH-2310-020124,36.80000000,20,2024-01-01 20:05:16.019889,maker
P-ETH-2330-020124,12.10000000,100,2024-01-01 20:05:54.842107,taker
C-ETH-2400-020124,2.60000000,50,2024-01-01 20:06:09.892176,maker
C-ETH-2380-020124,6.50000000,1029,2024-01-01 20:06:25.786131,taker
C-ETH-2380-020124,6.50000000,14,2024-01-01 20:06:26.089931,maker
P-ETH-2300-040124,22.00000000,731,2024-01-01 20:06:45.831985,taker
C-ETH-2330-020124,27.20000000,50,2024-01-01 20:06:47.351666,taker
C-ETH-2340-020124,20.10000000,1,2024-01-01 20:06:48.318125,taker
C-ETH-2350-020124,16.20000000,100,2024-01-01 20:07:24.907034,taker
C-ETH-2400-020124,2.70000000,50,2024-01-01 20:07:37.606298,maker
C-ETH-2320-020124,34.50000000,29,2024-01-01 20:08:18.727076,taker
C-ETH-2340-020124,21.90000000,100,2024-01-01 20:08:30.475255,taker
C-ETH-2330-020124,29.10000000,735,2024-01-01 20:09:27.043418,taker
C-ETH-2320-020124,34.70000000,10,2024-01-01 20:11:43.042555,maker
P-ETH-2330-020124,9.90000000,100,2024-01-01 20:12:35.095494,maker
P-ETH-2240-020124,0.50000000,990,2024-01-01 20:12:37.631530,taker
C-ETH-2340-020124,20.00000000,1,2024-01-01 20:12:42.530172,maker
C-ETH-2300-190124,175.00000000,100,2024-01-01 20:14:58.609102,maker
C-ETH-2300-020124,45.30000000,14,2024-01-01 20:15:03.913982,maker
C-ETH-2350-020124,13.60000000,151,2024-01-01 20:16:35.127485,maker
C-ETH-2360-020124,9.80000000,4,2024-01-01 20:16:36.948376,maker
C-ETH-2340-020124,18.60000000,97,2024-01-01 20:18:13.977367,taker
P-ETH-2310-020124,5.60000000,550,2024-01-01 20:18:16.408609,maker
C-ETH-2340-030124,30.90000000,100,2024-01-01 20:18:20.323710,maker
C-ETH-2340-020124,17.60000000,1,2024-01-01 20:20:30.979486,taker
P-ETH-2350-050124,56.90000000,7,2024-01-01 20:21:33.288438,taker
C-ETH-2380-020124,4.10000000,1043,2024-01-01 20:22:11.094995,maker
P-ETH-2340-020124,19.50000000,8,2024-01-01 20:22:18.694717,taker
C-ETH-2320-020124,30.60000000,400,2024-01-01 20:28:36.465101,taker
C-ETH-2320-020124,30.10000000,141,2024-01-01 20:29:07.124161,maker
C-ETH-2500-030124,2.60000000,1000,2024-01-01 20:30:38.135620,taker
P-ETH-2300-040124,22.00000000,729,2024-01-01 20:32:01.644747,taker
P-ETH-2250-020124,0.50000000,900,2024-01-01 20:32:06.220613,taker
C-ETH-2380-020124,6.60000000,100,2024-01-01 20:32:22.495687,taker
P-ETH-2250-020124,0.50000000,100,2024-01-01 20:32:26.706434,maker
P-ETH-2240-020124,0.50000000,1000,2024-01-01 20:33:37.863799,taker
P-ETH-2050-050124,2.60000000,842,2024-01-01 20:44:47.132490,taker
P-ETH-2050-050124,2.72000000,158,2024-01-01 20:44:47.133689,taker
P-ETH-1950-050124,1.20000000,400,2024-01-01 20:44:47.135838,taker
P-ETH-2000-050124,1.70000000,543,2024-01-01 20:44:47.139561,taker
P-ETH-2240-020124,0.50000000,1000,2024-01-01 20:51:44.400836,taker
C-ETH-2300-020124,46.20000000,44,2024-01-01 20:52:18.998786,maker
P-ETH-2200-020124,0.20000000,880,2024-01-01 20:58:19.436676,taker
C-ETH-2440-020124,0.70000000,700,2024-01-01 21:01:52.679873,taker
C-ETH-2440-020124,0.70000000,300,2024-01-01 21:01:53.827986,taker
C-ETH-2440-020124,0.70000000,29,2024-01-01 21:01:55.019184,taker
C-ETH-2440-020124,0.70000000,29,2024-01-01 21:01:55.240888,maker
C-ETH-2440-020124,0.70000000,29,2024-01-01 21:01:55.469841,maker
C-ETH-2440-020124,0.70000000,900,2024-01-01 21:02:08.803035,taker
C-ETH-2480-020124,0.20000000,100,2024-01-01 21:02:26.261874,taker
C-ETH-2480-020124,0.20000000,100,2024-01-01 21:02:28.939817,taker
C-ETH-2480-020124,0.20000000,100,2024-01-01 21:02:31.665832,taker
C-ETH-2480-020124,0.20000000,100,2024-01-01 21:02:34.829780,taker
C-ETH-2480-020124,0.20000000,100,2024-01-01 21:02:38.023132,taker
C-ETH-2480-020124,0.20000000,529,2024-01-01 21:02:38.440120,taker
C-ETH-2480-020124,0.20000000,271,2024-01-01 21:02:38.700647,maker
C-ETH-2480-020124,0.30000000,1300,2024-01-01 21:02:47.236889,taker
C-ETH-2460-020124,0.30000000,700,2024-01-01 21:02:59.634789,taker
P-ETH-2250-020124,0.60000000,990,2024-01-01 21:03:46.879984,taker
P-ETH-2250-020124,0.50000000,700,2024-01-01 21:07:47.727710,taker
P-ETH-2250-020124,0.50000000,1000,2024-01-01 21:07:48.226803,taker
P-ETH-2250-020124,0.60000000,900,2024-01-01 21:08:02.925405,taker
P-ETH-2240-020124,0.40000000,23,2024-01-01 21:08:25.096739,taker
P-ETH-2240-020124,0.40000000,23,2024-01-01 21:08:25.320034,taker
P-ETH-2240-020124,0.50000000,1577,2024-01-01 21:08:25.320807,taker
P-ETH-2240-020124,0.50000000,1600,2024-01-01 21:08:25.831186,taker
P-ETH-2240-020124,0.50000000,38,2024-01-01 21:08:26.183933,taker
C-ETH-2460-020124,0.30000000,900,2024-01-01 21:09:07.003815,taker
P-ETH-2200-230224,142.20000000,200,2024-01-01 21:09:21.124315,taker
C-ETH-2500-030124,2.80000000,1000,2024-01-01 21:09:24.434682,taker
P-ETH-2350-020124,20.70000000,25,2024-01-01 21:13:59.240566,maker
C-ETH-2390-020124,3.00000000,100,2024-01-01 21:14:54.479276,maker
P-ETH-2240-020124,0.50000000,100,2024-01-01 21:14:59.339676,taker
P-ETH-2240-020124,0.50000000,100,2024-01-01 21:15:03.852156,taker
P-ETH-2240-020124,0.50000000,100,2024-01-01 21:15:04.694732,taker
P-ETH-2240-020124,0.50000000,100,2024-01-01 21:15:14.459312,taker
P-ETH-2240-020124,0.50000000,100,2024-01-01 21:15:15.326893,taker
P-ETH-2240-020124,0.50000000,100,2024-01-01 21:15:16.224162,taker
P-ETH-2240-020124,0.50000000,100,2024-01-01 21:15:17.019089,taker
P-ETH-2240-020124,0.50000000,100,2024-01-01 21:15:18.226907,taker
C-ETH-2350-020124,13.80000000,43,2024-01-01 21:15:42.005881,taker
P-ETH-2240-020124,0.50000000,100,2024-01-01 21:16:16.884082,taker
P-ETH-2240-020124,0.50000000,100,2024-01-01 21:16:17.763302,taker
P-ETH-2350-020124,22.10000000,25,2024-01-01 21:16:19.435083,taker
P-ETH-2240-020124,0.50000000,23,2024-01-01 21:16:55.110781,taker
P-ETH-2240-020124,0.50000000,100,2024-01-01 21:16:58.969752,taker
P-ETH-2240-020124,0.50000000,200,2024-01-01 21:17:00.384636,taker
P-ETH-2240-020124,0.50000000,200,2024-01-01 21:17:03.436304,taker
P-ETH-2240-020124,0.50000000,100,2024-01-01 21:17:05.568278,taker
P-ETH-2160-020124,0.20000000,8,2024-01-01 21:19:40.243583,taker
P-ETH-2320-020124,8.60000000,48,2024-01-01 21:28:14.848146,maker
C-ETH-2340-020124,15.10000000,100,2024-01-01 21:31:33.207448,maker
C-ETH-2440-020124,0.50000000,980,2024-01-01 21:38:03.519181,taker
C-ETH-2350-020124,10.40000000,100,2024-01-01 21:38:17.430823,maker
P-ETH-2200-190124,65.90000000,200,2024-01-01 21:41:22.983250,maker
C-ETH-2500-190124,84.92000000,200,2024-01-01 21:41:50.637789,maker
C-ETH-2350-020124,9.70000000,493,2024-01-01 21:43:43.861992,maker
C-ETH-2460-020124,0.20000000,1032,2024-01-01 21:43:48.331069,maker
C-ETH-2440-020124,0.40000000,51,2024-01-01 21:43:59.113073,taker
C-ETH-2460-020124,0.20000000,8,2024-01-01 21:45:47.902003,maker
C-ETH-2460-020124,0.20000000,1,2024-01-01 21:45:48.583941,maker
C-ETH-2460-020124,0.20000000,1,2024-01-01 21:45:48.807917,maker
C-ETH-2400-020124,0.90000000,620,2024-01-01 21:45:53.255618,maker
C-ETH-2300-020124,36.70000000,50,2024-01-01 21:46:35.224445,maker
C-ETH-2460-020124,0.20000000,2,2024-01-01 21:48:48.251857,maker
C-ETH-2440-020124,0.40000000,13,2024-01-01 21:49:52.111370,taker
C-ETH-2440-020124,0.50000000,1570,2024-01-01 21:50:48.118767,taker
C-ETH-2300-020124,40.80000000,50,2024-01-01 21:51:34.825461,taker
C-ETH-2440-020124,0.60000000,79,2024-01-01 21:55:16.087017,taker
C-ETH-2440-020124,0.60000000,21,2024-01-01 21:55:16.288985,maker
P-ETH-2280-030124,8.51000000,99,2024-01-01 21:55:47.448375,maker
P-ETH-2240-020124,0.50000000,1000,2024-01-01 21:58:28.999345,taker
P-ETH-2340-020124,16.31000000,150,2024-01-01 21:59:08.651828,maker
P-ETH-2250-020124,0.60000000,862,2024-01-01 22:02:54.911458,taker
C-ETH-2460-020124,0.20000000,1036,2024-01-01 22:06:06.747117,maker
C-ETH-2440-020124,0.40000000,1037,2024-01-01 22:06:43.123366,taker
C-ETH-2440-020124,0.50000000,1600,2024-01-01 22:07:23.750150,taker
C-ETH-2460-020124,0.20000000,1,2024-01-01 22:07:50.568460,maker
C-ETH-2460-020124,0.20000000,1,2024-01-01 22:07:50.895530,maker
C-ETH-2460-020124,0.20000000,1,2024-01-01 22:07:51.200749,maker
C-ETH-2340-020124,12.60000000,10,2024-01-01 22:09:23.792125,maker
P-ETH-2320-040124,31.31000000,16,2024-01-01 22:11:26.415324,maker
C-ETH-2400-030124,9.70000000,900,2024-01-01 22:12:10.224268,taker
C-ETH-2440-020124,0.40000000,63,2024-01-01 22:13:46.100601,taker
C-ETH-2460-020124,0.20000000,1,2024-01-01 22:16:55.772658,maker
C-ETH-2460-020124,0.20000000,1,2024-01-01 22:16:56.150364,maker
C-ETH-2460-020124,0.20000000,1,2024-01-01 22:16:56.338427,maker
C-ETH-2330-020124,16.50000000,3,2024-01-01 22:17:06.318131,maker
C-ETH-2320-020124,21.20000000,100,2024-01-01 22:17:38.422156,maker
C-ETH-2500-030124,1.80000000,1000,2024-01-01 22:19:11.879391,taker
C-ETH-2500-030124,1.80000000,1000,2024-01-01 22:19:19.602783,taker
C-ETH-2460-020124,0.20000000,1,2024-01-01 22:19:26.951508,maker
C-ETH-2460-020124,0.20000000,1,2024-01-01 22:19:27.279644,maker
C-ETH-2460-020124,0.20000000,1,2024-01-01 22:19:27.561807,maker
C-ETH-2460-020124,0.20000000,1,2024-01-01 22:19:28.067557,maker
C-ETH-2460-020124,0.20000000,1,2024-01-01 22:19:28.228245,maker
C-ETH-2460-020124,0.20000000,1,2024-01-01 22:19:28.462031,maker
C-ETH-2460-020124,0.20000000,1,2024-01-01 22:19:28.771426,maker
C-ETH-2460-020124,0.20000000,1,2024-01-01 22:19:29.047686,maker
C-ETH-2300-040124,59.30000000,700,2024-01-01 22:19:44.927523,taker
C-ETH-2440-020124,0.30000000,20,2024-01-01 22:19:54.821986,taker
C-ETH-2400-040124,17.50000000,100,2024-01-01 22:19:56.966731,taker
C-ETH-2460-020124,0.20000000,1672,2024-01-01 22:20:04.209880,maker
C-ETH-2500-030124,1.80000000,800,2024-01-01 22:20:05.407414,taker
C-ETH-2420-030124,5.80000000,133,2024-01-01 22:20:13.075149,taker
P-ETH-1800-260124,13.00000000,1,2024-01-01 22:20:18.937026,taker
C-ETH-2460-020124,0.20000000,1,2024-01-01 22:20:26.759204,maker
C-ETH-2460-020124,0.20000000,1,2024-01-01 22:20:27.095955,maker
C-ETH-2460-020124,0.20000000,1,2024-01-01 22:20:27.375731,maker
C-ETH-2460-020124,0.20000000,1,2024-01-01 22:20:27.648119,maker
P-ETH-2330-020124,17.50000000,25,2024-01-01 22:21:10.949207,maker
P-ETH-2000-260124,35.20000000,100,2024-01-01 22:24:12.240836,maker
P-ETH-1700-260124,10.00000000,100,2024-01-01 22:24:12.697503,taker
C-ETH-2360-020124,5.50000000,1041,2024-01-01 22:25:07.815427,taker
C-ETH-2360-020124,5.60000000,1041,2024-01-01 22:25:07.996993,maker
C-ETH-2360-020124,5.60000000,444,2024-01-01 22:25:09.025754,maker
C-ETH-2440-020124,0.30000000,1031,2024-01-01 22:30:09.619584,taker
C-ETH-2440-020124,0.40000000,1041,2024-01-01 22:30:10.830707,taker
C-ETH-2500-050124,11.00000000,7,2024-01-01 22:30:34.655915,maker
C-ETH-2460-020124,0.20000000,1030,2024-01-01 22:33:10.566550,maker
P-ETH-2250-020124,0.50000000,1000,2024-01-01 22:39:55.695708,taker
C-ETH-2440-020124,0.40000000,601,2024-01-01 22:40:00.186833,taker
P-ETH-2240-020124,0.40000000,1000,2024-01-01 22:41:32.052126,taker
C-ETH-2330-020124,17.50000000,20,2024-01-01 22:42:35.953232,taker
P-ETH-2240-020124,0.40000000,1000,2024-01-01 22:44:59.872553,taker
C-ETH-2330-020124,17.30000000,3,2024-01-01 22:46:06.745270,taker
C-ETH-2420-020124,0.50000000,740,2024-01-01 22:51:30.713990,taker
C-ETH-2420-020124,0.50000000,200,2024-01-01 22:52:05.358344,taker
C-ETH-2400-030124,10.40000000,40,2024-01-01 22:57:13.944157,taker
C-ETH-2300-040124,64.10000000,700,2024-01-01 22:59:30.112007,taker
C-ETH-2400-030124,10.60000000,20,2024-01-01 23:00:09.968388,taker
C-ETH-2440-020124,0.40000000,1023,2024-01-01 23:03:10.136454,taker
C-ETH-2460-020124,0.20000000,937,2024-01-01 23:03:10.838528,maker
C-ETH-2400-040124,22.00000000,100,2024-01-01 23:05:38.017495,taker
C-ETH-2400-040124,22.00000000,100,2024-01-01 23:05:44.488413,taker
C-ETH-2400-040124,22.00000000,200,2024-01-01 23:05:56.964220,taker
C-ETH-2400-040124,22.10000000,300,2024-01-01 23:05:58.826258,maker
